1494 2450
558 19 864 56 FRAGMENTA
1304 19 1391 62 265

94 129 170 179 σις’.
190 130 347 185 ’Έστω,
372 130 432 181 ὡς
456 130 483 185 ἡ
504 132 587 172 ΑΒ
612 130 725 185 πρὸς
749 129 831 184 τὴν
850 131 939 183 ΒΓ,
965 128 1104 179 οὕτως
1130 130 1179 178 τὸ
1199 128 1284 172 ἀπὸ
1307 133 1393 171 AA

28 190 40 246 ¹-
67 197 144 252 ρὸς
169 196 218 238 τὸ
245 195 330 239 ἀπὸ
355 200 399 238 A
407 198 466 238 Γ·
505 195 573 238 ὅτι
597 195 646 237 τὸ
672 194 759 237 ὑπὸ
784 202 874 237 τῶν
899 196 1041 237 ΑΒΓ
1060 193 1161 237 ἴσον
1186 193 1306 238 ἐστὶν
1331 199 1391 251 τῷ

25 260 120 313 ἱάπὸ
145 267 222 316 τῆς
248 264 330 303 BA
355 259 626 317 τετραγώνῳ.

323 367 789 438 ΑΓΒὲ
1055 366 1087 436 E*

92 512 257 553 κείσθω
291 517 343 568 τῇ
372 513 414 554 Γ
408 514 453 553 A
486 511 558 566 ἴση
590 511 616 566 ἡ
645 514 755 553 ΔΕ·
806 512 855 554 τὸ
889 512 973 567 ἄρα
1006 511 1091 554 ὑπὸ
1123 513 1259 553 ΕΑΓ
1282 511 1390 565 μετὰ

20 582 110 619 ’τοῦ
137 576 222 619 ἀπὸ
245 579 338 631 ΓΔ,
360 575 592 619 τουτέστιν
616 583 695 619 τοῦ
721 577 808 620 ὑπὸ
829 579 964 631 ΓΔΕ,
990 581 1090 619 ι”σον
1111 580 1172 634 τῷ
1186 576 1271 619 ἀπὸ
1290 579 1390 624 ΑΔ.

23 640 124 684 ,ἐπεὶ
156 639 238 684 οὗν
270 636 410 696 ἐστιν,
441 643 500 693 ὡς
525 643 551 697 ἡ
577 646 666 685 AB
692 644 803 699 πρὸς
826 643 908 697 τὴν
934 644 1030 697 ΒΓ,
1063 642 1202 692 οὕτως
1227 642 1277 684 τὸ
1303 642 1388 686 ἀπὸ
1440 652 1461 683 5

21 711 120 763 ’,ΑΔ
144 708 254 762 πρὸς
279 708 328 750 τὸ
356 708 440 750 ἀπὸ
462 710 555 764 ΔΓ,
581 709 775 750 διελόντι
794 707 930 763 ἐστίν,
956 708 1014 758 ὡς
1033 708 1060 763 ἡ
1080 710 1169 749 ΑΓ
1179 708 1291 764 πρὸς
1309 709 1391 763 τὴν

20 766 127 827 ἡΓΒ,
157 775 385 816 τουτέστιν
411 774 469 824 ὡς
493 774 543 816 τὸ
569 774 655 817 ὑπὸ
681 777 817 817 ΕΑΓ
841 775 951 828 πρὸς
976 775 1025 817 τὸ
1050 772 1138 815 ὑπὸ
1164 776 1268 828 ΕΑ,
1292 775 1390 829 ΒΓ,

31 838 171 889 οὕτως
196 840 245 881 τὸ
273 839 358 881 ὑπὸ
385 841 514 881 ΕΑΓ
532 839 642 894 πρὸς
667 839 715 881 τὸ
741 839 828 882 ὑπὸ
856 841 898 881 Γ
893 842 999 881 ΔΕ”
1033 843 1133 882 ἴσον
1158 839 1244 894 ἄρα
1269 837 1390 882 ἐστὶν

21 899 78 946 Ῑτὸ
103 904 190 946 ὑπὸ
220 908 259 946 Α
267 907 326 959 Ε,
352 906 442 947 ΒΓ
467 910 526 963 τῷ
547 905 633 947 ὑπὸ
663 907 704 947 Γ
700 908 742 947 A
749 908 798 947 E.
851 904 1072 960 ἀνάλογον
1097 903 1170 947 καὶ
1197 906 1387 947 διελόντι

16 969 164 1025 ἐστίν,
191 970 250 1020 ὡς
274 971 301 1025 ἡ
327 973 415 1012 ΑΛ
439 971 551 1026 πρὸς
575 971 656 1025 τὴν
679 973 776 1025 ΔΕ,
801 969 1030 1013 τουτέστιν
1054 972 1165 1024 πρὸς
1190 971 1272 1024 τὴν
1293 972 1388 1024 ΔΓ,
1416 980 1460 1011 10

30 1034 168 1085 οὕτως
193 1036 220 1090 ἡ
246 1038 335 1078 AB
360 1036 472 1091 πρὸς
495 1036 578 1091 τὴν
603 1037 709 1077 ΒΓ·
750 1035 823 1078 καὶ
849 1036 979 1090 λοιπὴ
1005 1036 1090 1090 ἄρα
1114 1035 1140 1090 ἡ
1166 1037 1255 1077 ΑΒ
1279 1035 1390 1089 πρὸς

30 1102 190 1156 λοιπὴν
215 1102 296 1156 τὴν
321 1104 403 1143 BA
428 1100 567 1156 ἐστιν,
598 1101 657 1151 ὡς
682 1101 708 1156 ἡ
734 1104 820 1144 BA
844 1102 955 1156 πρὸς
979 1101 1060 1156 τὴν
1085 1103 1122 1142 Β
1132 1102 1177 1142 Γ
1228 1100 1277 1142 τὸ
1303 1101 1390 1155 ἄρα

28 1165 115 1208 ὑπὸ
118 1168 271 1294 ζΑΒΓ
289 1166 390 1210 ἴσον
414 1165 536 1210 ἐστὶν
560 1183 620 1224 τῳ
647 1165 732 1209 ἀπὸ
757 1173 833 1222 τῆς
859 1169 942 1209 BA
967 1166 1238 1223 τετραγώνῳ.

194 1242 336 1286 ’Έστω
369 1242 418 1286 δὲ
449 1244 598 1298 πάλιν,
629 1245 688 1295 ὡς
713 1245 739 1300 ἡ
766 1247 853 1286 ΑΒ
874 1244 988 1325 πρὸς
1013 1244 1094 1298 τὴν
1119 1245 1215 1325 ΒΓ,
1248 1243 1388 1294 οὕτως

28 1309 78 1350 τὸ
105 1308 190 1351 ἀπὸ
218 1312 304 1351 AA
334 1310 613 1365 τετράγωνον
643 1311 754 1366 πρὸς
785 1311 834 1352 τὸ
861 1310 946 1352 ἀπὸ
972 1314 1015 1352 A
1025 1312 1068 1352 Γ
1085 1310 1386 1365 τετράγωνον·
1415 1319 1458 1350 15

30 1374 97 1417 ὅτι
122 1375 171 1416 τὸ
197 1374 284 1418 ὑπὸ
306 1377 435 1417 ΑΒΓ
456 1379 555 1418 ἴσον
581 1374 702 1419 ἐστὶν
727 1382 786 1433 τῷ
808 1375 893 1418 ἀπὸ
919 1381 996 1430 τῆς
1014 1378 1097 1417 BA
1116 1376 1387 1432 τετραγώνῳ.

302 1485 331 1557 ΑΙ
457 1525 491 1558 Ε
610 1526 644 1558 Δ
771 1525 806 1557 Γ
1072 1525 1100 1557 Β

480 1486 794 1521 1-—1——¹

31 1697 153 1737 ΓΑΕ
175 1698 280 1750 μετὰ
307 1703 388 1739 τοῦ
414 1697 497 1739 ἀπὸ
526 1699 619 1752 ΓΔ,
645 1697 875 1740 τουτέστιν
900 1703 979 1740 τοῦ
1005 1697 1091 1740 ὑπὸ
1117 1699 1260 1751 ΕΔΓ,
1288 1702 1387 1740 ἴσον

27 1776 88 1817 τῳ
115 1761 199 1803 ἀπὸ
220 1765 321 1804 ΑΔ.
358 1778 432 1805 και
457 1764 627 1817 γίνεται
651 1764 760 1806 κατὰ
785 1764 1018 1818 διαίρεσιν,
1044 1763 1103 1813 ὡς
1128 1763 1154 1818 ἡ
1176 1764 1265 1805 ΑΓ
1276 1763 1387 1818 πρὸς

27 1827 109 1880 τὴν
136 1829 238 1882 ΓΒ,
268 1827 496 1871 τουτέστιν
527 1829 585 1878 ὡς
616 1830 665 1871 τὸ
697 1828 784 1871 ὑπὸ
810 1831 946 1871 ΕΑΓ
964 1829 1074 1885 πρὸς
1099 1829 1148 1870 τὸ
1174 1828 1261 1871 ὑπὸ
1287 1832 1385 1884 ΕΑ,
1411 1841 1457 1872 20

30 1893 132 1946 ΓΒ,
159 1892 298 1943 οὕτως
323 1894 372 1936 τὸ
397 1893 485 1936 ὑπὸ
515 1896 643 1936 ΓΑΕ
665 1895 776 1950 πρὸς
801 1896 850 1938 τὸ
877 1895 964 1937 ὑπὸ
990 1896 1141 1936 ΕΔΓ·
1175 1895 1275 1937 ἴσον
1301 1895 1386 1950 ἄρα

29 1955 150 1999 ἐστὶν
175 1958 223 1999 τὸ
249 1957 336 2000 ὑπὸ
356 1962 451 2014 ΛΕ,
472 1961 548 2002 ΓΒ
574 1976 632 2017 τῳ
653 1959 740 2002 ὑπὸ
761 1962 893 2002 ΕΔΓ.
932 1959 1157 2014 ἀνάλογον
1181 1958 1253 2001 καὶ
1280 1971 1386 2002 συν-

27 2020 155 2075 θέντι
182 2021 322 2077 ἐστίν,
360 2024 418 2074 ὡς
450 2023 475 2079 ἡ
502 2027 589 2066 AA
619 2025 730 2079 πρὸς
761 2025 843 2080 τὴν
868 2029 978 2080 ΔΕ,
1016 2025 1245 2067 τουτέστιν
1274 2027 1386 2081 πρὸς

16 2084 109 2142 τὴν
130 2090 224 2142 ΔΓ,
250 2088 390 2139 οὕτως
414 2090 441 2144 ἡ
461 2093 543 2132 AB
569 2091 679 2146 πρὸς
703 2092 785 2146 τὴν
810 2093 910 2133 ΒΓ·
941 2090 1014 2134 καὶ
1041 2091 1117 2146 ὅλη
1145 2092 1230 2146 ἄρα
1255 2092 1281 2146 ἡ
1302 2094 1384 2133 ΑΒ

27 2153 138 2205 πρὸς
170 2152 279 2208 ὅλην
309 2154 390 2209 τὴν
416 2157 499 2197 BA
531 2154 671 2211 ἐστιν,
703 2157 762 2206 ὡς
787 2157 813 2211 ἡ
840 2159 923 2199 BA
949 2158 1060 2213 πρὸς
1084 2158 1164 2212 τὴν
1191 2158 1283 2198 ΒΓ.
1332 2158 1382 2199 τὸ
1410 2168 1455 2199 25

29 2217 112 2273 ἄρα
144 2217 231 2260 ὑπὸ
263 2226 352 2262 τῶν
378 2222 519 2262 ΑΒΓ
544 2221 644 2263 ἴσον
676 2221 796 2264 ἐστὶν
827 2237 886 2279 τῳ
915 2221 998 2264 ἀπὸ
1025 2228 1101 2277 τῆς
1127 2225 1210 2263 BA
1235 2237 1384 2278 τετρα-

0 1223 68 1320 3

5 1321 16 1404 3

6 1400 14 1445 ἰ

2 1446 14 1602 3

88 1631 252 1673 κείσθω
290 1631 373 1687 γὰρ
412 1631 571 1686 ὁμοίως
601 1638 654 1688 τῇ
687 1635 731 1674 Γ
724 1635 768 1674 A
800 1632 873 1688 ἴση
906 1632 931 1687 ἡ
957 1635 1071 1674 ΔΕ·
1103 1632 1152 1674 τὸ
1185 1633 1270 1687 ἄρα
1300 1632 1386 1675 ὑπὸ

27 2283 167 2340 γώνῳ.
