1494 2450
548 42 852 78 FRAGMENTA
1293 41 1349 84 26
1356 42 1377 83 l

7 145 134 208 ἐπρὸς
158 154 239 208 τὴν
268 155 369 207 ΖΗ,
396 151 536 202 οὕτως
562 152 646 207 ἡΕ
655 154 693 194 Θ
717 150 827 207 πρὸς
851 152 933 206 τὴν
962 153 1059 205 ΘΗ,
1092 149 1184 193 ἀλλ’
1216 150 1274 201 ὡς
1299 147 1381 206 μὲν

22 219 50 273 ἡ
76 221 155 260 ΕΖ
180 219 290 275 πρὸς
313 219 394 273 τὴν
422 220 516 272 ZH,
549 217 689 267 οὕτως
714 217 740 271 ἡ
766 219 845 259 ΕΒ
871 217 981 272 πρὸς
1005 218 1087 271 τὴν
1113 218 1215 271 ΗΚ,
1247 216 1306 266 ὡς
1332 213 1381 258 δὲ

22 284 50 339 ἡ
76 287 158 326 ΕΘ
181 284 293 341 πρὸς
318 284 399 339 τὴν
428 285 532 337 ΘΗ,
564 283 703 332 οὕτως
729 281 851 324 ἐστὶν
876 283 902 337 ἡ
929 285 1016 324 ΔΕ
1037 282 1148 337 πρὸς
1173 283 1253 337 τὴν
1279 284 1381 336 ΗΛ,

0 348 95 392 ’καὶ
127 349 186 399 ὡς
217 350 301 406 ἄρα
331 349 358 404 ἡ
389 351 476 391 ΒΕ
510 349 620 405 πρὸς
650 348 733 402 τὴν
765 350 877 402 HK,
915 348 1055 398 οὕτως
1087 346 1207 391 ἐστὶν
1238 347 1264 401 ἡ
1291 350 1385 390 AE

2 415 132 469 ,ῑπρὸς
156 416 238 470 τὴν
265 417 363 457 ΗΛ.
413 413 599 465 ἐναλλάξ
627 413 765 469 ἐστιν,
797 414 855 464 ὡς
881 414 907 468 ἡ
933 416 1017 456 ΕΒ
1042 414 1152 469 πρὸς
1177 414 1258 468 τὴν
1282 416 1381 466 ΕΔ,
1431 422 1452 453 5

2 473 163 530 Ᾰοῦτως
187 480 213 535 ἡ
234 482 330 523 ΚΗ
347 481 459 535 πρὸς
483 481 564 535 τὴν
585 482 682 522 ΗΛ.
728 479 786 530 ὡς
812 477 862 522 δὲ
887 480 913 534 ἡ
935 481 1029 521 ΚΗ
1047 477 1156 533 πρὸς
1180 480 1262 533 τὴν
1282 480 1381 537 HA,

0 545 163 595 2045va
194 545 315 588 ἐστὶν
345 545 372 600 ἡ
404 547 494 587 ΒΓ
518 544 628 599 πρὸς
658 546 739 600 τὴν
772 547 876 587 ΓΔ·
926 543 1000 587 καὶ
1033 545 1092 594 ὡς
1123 545 1207 599 ἄρα
1238 543 1264 598 ἡ
1297 546 1385 585 ΒΕ

23 610 131 665 πρὸς
152 612 233 665 τὴν
252 614 350 665 ΕΔ,
376 611 516 661 οὕτως
535 611 562 665 ἡ
583 613 667 652 ΒΓ
685 610 797 666 πρὸς
815 611 897 665 τὴν
918 612 961 652 Γ
956 614 1010 652 A.
1042 608 1226 660 ἐναλλάξ
1247 608 1382 661 ἐστιν,

24 677 82 726 ὡς
106 677 132 732 ἡ
159 679 243 719 ΕΒ
269 678 378 731 πρὸς
403 678 486 732 τὴν
511 678 609 731 ΒΓ,
636 675 776 726 οὕτως
801 677 828 731 ἡ
854 679 938 718 ΕΔ
962 674 1072 732 πρὸς
1098 676 1179 729 τὴν
1206 676 1304 717 ΔΓ.

82 743 135 785 τὰ
162 740 210 784 δε
235 743 428 785 πτωτικά
453 742 627 798 ὁμοίως.
1396 750 1453 786 10

81 807 131 850 κ’.
165 807 307 850 ’Έστω
342 809 423 851 δύο
455 811 650 864 τρίγωνα
681 808 734 849 τὰ
761 809 1067 862 ΑΒΓΔΕΖ
1098 806 1196 857 ἴσας
1225 803 1383 888 ἔχοντα

22 874 99 924 τὰς
119 878 174 928 Α,
190 878 233 916 A
252 875 432 929 γωνίας·
460 874 527 917 ὅτι
548 872 726 929 ἐότῑίν,ε
704 890 762 924 ως
781 875 830 916 τὸ
851 873 938 915 ὑπὸ
958 875 1087 915 ΒΑΓ
1099 873 1207 929 πρὸς
1226 872 1275 915 τὸ
1293 871 1381 915 ὑπὸ

22 942 161 994 ΕΔΖ,
188 938 328 994 οὕτως
352 939 402 981 τὸ
423 941 552 981 ΑΒΓ
564 939 787 995 τρίγωνον
806 938 915 994 πρὸς
933 938 982 981 τὸ
1002 942 1085 980 EA
1098 941 1132 980 Ζ
1152 940 1382 994 τρίγωνον.

87 1005 295 1059 ἤχθωσαν
320 1005 503 1046 κάθετοι
530 1005 575 1046 αἱ
602 1007 713 1058 ΒΗ,
740 1007 781 1046 Ε
791 1007 838 1046 Θ.

404 1100 437 1132 Α

84 1573 176 1616 ἐπεὶ
208 1571 292 1617 οὖν
325 1579 396 1629 ἴση
423 1573 545 1617 ἐστὶν
568 1575 594 1629 ἡ
621 1576 703 1628 μὲν
728 1581 771 1618 Α
796 1578 935 1631 γωνία
960 1583 1012 1632 τῇ
1039 1581 1101 1631 A,
1133 1576 1158 1629 ἡ
1186 1575 1235 1617 δὲ
1261 1577 1314 1616 Η
1331 1580 1382 1629 τῇ
1410 1577 1454 1609 15

27 1642 84 1695 Θ,
123 1637 244 1682 ἔστιν
275 1641 378 1696 ἄρα,
417 1641 475 1690 ὡς
506 1641 533 1695 ἡ
559 1644 647 1683 AB
680 1642 790 1696 πρὸς
820 1643 902 1697 τὴν
927 1644 1038 1696 ΒΗ,
1077 1641 1216 1690 οὕτως
1242 1640 1268 1694 ἡ
1293 1642 1386 1682 ΔΕ

24 1704 136 1761 πρός
159 1706 241 1760 τὴν
266 1708 364 1748 ΕΘ.
408 1705 500 1748 ἀλλ’
534 1707 592 1756 ὡς
615 1705 697 1760 μὲν
724 1707 749 1762 ἡ
771 1710 852 1749 ΑΒ
877 1706 986 1764 πρὸς
1011 1708 1093 1761 τὴν
1118 1708 1216 1760 ΒΗ,
1243 1705 1384 1754 οὕτως

25 1768 149 1813 ἐστὶν
173 1770 223 1813 τὸ
248 1770 335 1813 ὑπὸ
362 1773 495 1813 ΒΑΓ
512 1771 621 1828 πρὸς
645 1770 694 1814 τὸ
719 1771 806 1814 ὑπὸ
832 1775 942 1826 ΒΗ,
969 1775 1063 1827 ΛΓ,
1089 1773 1147 1821 ὡς
1173 1769 1222 1813 δὲ
1249 1772 1274 1826 ἡ
1299 1774 1386 1812 ΔΕ

25 1835 135 1891 πρὸς
159 1838 242 1891 τὴν
270 1839 372 1891 ΕΘ,
410 1837 552 1888 οὕτως
584 1837 705 1880 ἐστὶν
735 1836 784 1880 τὸ
816 1837 903 1880 ὑπὸ
928 1841 1059 1893 EAZ
1084 1836 1195 1893 πρὸς
1220 1836 1268 1879 τὸ
1293 1831 1381 1879 ὑπὸ

25 1905 120 1954 ΕΘ,
146 1905 245 1944 AZ·
284 1899 406 1945 ἔστιν
431 1903 529 1958 ἄρα,
555 1903 614 1953 ὡς
638 1903 686 1945 τὸ
713 1903 800 1946 ὑπὸ
821 1905 949 1946 ΒΑΓ
966 1902 1077 1959 πρὸς
1101 1902 1151 1945 τὸ
1178 1901 1263 1945 ὑπὸ
1284 1905 1382 1956 ΒΗ,
1409 1911 1454 1943 20

26 1969 119 2021 ΑΓ,
134 1967 271 2017 οὕτως
284 1967 334 2009 τὸ
347 1967 432 2010 ὑπὸ
447 1971 571 2010 ΕΛΖ
585 1966 694 2024 πρὸς
708 1970 756 2011 τὸ
771 1969 857 2011 ὑπὸ
871 1971 966 2023 ΕΘ,
977 1972 1021 2011 A
1026 1972 1076 2010 Z·
1098 1967 1171 2010 καὶ
1185 1967 1381 2019 ἐναλλάξ.

26 2031 121 2074 ἀλλ’
152 2033 209 2083 ὡς
234 2032 283 2075 τὸ
307 2032 393 2075 ὑπὸ
419 2036 528 2087 ΒΗ,
549 2036 642 2075 ΛΓ
659 2033 770 2090 πρὸς
794 2032 843 2076 τὸ
869 2033 955 2076 ὑπὸ
981 2037 1087 2089 ΕΘ,
1108 2036 1215 2088 ΔΖ,
1243 2033 1384 2084 οὕτως

26 2096 146 2140 ἐστὶν
170 2098 220 2140 τὸ
247 2100 375 2140 ΑΒΓ
392 2100 611 2155 τρίγωνον
635 2100 745 2152 πρὸς
769 2100 818 2141 τὸ
844 2103 968 2142 AEZ
993 2101 1236 2155 τρίγωνον·
1286 2097 1383 2142 ἕκα-

25 2161 130 2218 τέρα
164 2164 246 2242 γὰρ
279 2170 369 2205 τῶν
400 2166 512 2219 ΒΗ,
538 2167 626 2206 ΕΘ
662 2165 851 2215 κάθετός
889 2165 1009 2207 ἐστιν
1048 2164 1255 2216 ἑκατέρου
1293 2172 1385 2208 τῶν

27 2226 270 2281 εἰρημένων
288 2226 542 2283 τριγώνων·
574 2230 647 2272 καὶ
674 2230 733 2280 ὡς
758 2247 842 2283 αρα
867 2232 916 2273 τὸ
941 2230 1027 2273 ὑπὸ
1049 2233 1176 2273 ΒΑΓ
1195 2231 1307 2285 πρὸς
1331 2232 1380 2273 τὸ
1407 2238 1452 2271 25

89 2325 143 2356 13.
170 2323 243 2356 ΕΔ
255 2323 295 2367 Ζ]
322 2323 435 2356 ΔΕΖ
459 2322 630 2358 Hultsch.
1254 2306 1363 2310 ‘m'
