1494 2450
557 37 862 73 FRAGMENTA
1306 38 1361 80 27
1369 38 1390 80 I

32 136 33 141 ¹
67 148 144 204 ρὸς
168 148 249 203 τὴν
267 151 374 190 ΕΔ·
405 147 455 190 τὸ
481 148 567 202 ἄρα
590 146 678 190 ὑπὸ
698 150 822 189 ΒΕΔ
850 151 949 190 ἴσον
975 146 1097 190 ἐστὶν
1122 153 1181 205 τῷ
1198 146 1282 190 ἀπὸ
1304 149 1393 189 ΕΓ.

61 214 187 256 οινὸν
213 213 462 270 ἀφῃρήσθω
487 213 537 255 τὸ
564 212 649 255 ἀπὸ
674 215 767 254 ΔΕ
789 213 1091 269 τετράγωνον·
1123 213 1284 255 λοιπὸν
1310 213 1394 268 ἄρα

28 270 83 322 ιτὸ
108 278 195 321 ὑπὸ
222 281 344 320 ΒΔΕ
375 277 475 321 ἴσον
505 276 627 321 ἐστὶν
660 283 720 335 τῷ
751 277 839 320 ὑπὸ
866 281 953 320 AA
962 280 1008 320 Γ.
1057 278 1194 320 πάλιν
1224 279 1273 321 τὸ
1306 278 1393 321 ὑπὸ

31 346 162 386 ΒΕΔ
202 347 300 386 ἴσον
338 342 458 386 ἐστὶν
494 349 555 402 τῷ
588 343 672 387 ἀπὸ
713 345 804 386 ΕΓ
836 344 1106 401 τετραγώνῳ.
1167 343 1394 400 ἀμφότερα

23 402 282 472 1ἴοίφῃρήσθω
317 409 403 452 ἀπὸ
438 415 518 452 τοῦ
553 409 638 452 ἀπὸ
673 415 750 464 τῆς
780 412 867 451 ΒΕ
898 410 1202 465 τετραγώνου·
1237 410 1395 453 λοιπὸν

23 473 116 529 ’ἄρα
140 474 190 517 τὸ
217 474 303 517 ὑπὸ
328 482 418 517 τῶν
442 477 578 517 ΑΒΓ
597 476 697 518 ἴσον
723 473 844 518 ἐστὶν
869 480 930 532 τῷ
955 475 1043 518 ὑπὸ
1069 483 1158 518 τῶν
1184 478 1326 518 ΕΒΔ.

20 551 32 600 j⁴
89 539 215 582 Ἀλλὰ
244 538 356 583 ἔστω
387 547 474 584 νῦν
504 541 554 583 τὸ
586 540 672 583 ὑπὸ
698 548 784 583 τῶν
809 544 942 583 ΒΔΕ
972 545 1073 583 ἴσον
1103 545 1163 598 τῷ
1189 541 1277 583 ὑπὸ
1303 548 1393 583 τῶν

20 609 119 659 ςΛΔ
128 607 177 659 Γ,
203 604 276 648 καὶ
301 607 531 661 τετμήσθω
560 607 660 662 δίχα
685 607 711 662 ἡ
739 609 819 649 ΓΑ
844 607 954 649 κατὰ
979 607 1027 649 τὸ
1054 610 1116 648 Ε·
1162 606 1230 649 ὅτι
1256 605 1392 661 ἐστίν,

20 664 90 720 ’ὡς
115 671 142 725 ἡ
169 673 256 713 ΑΒ
281 671 390 727 πρὸς
415 672 497 726 τὴν
522 674 618 727 ΒΓ,
645 673 786 722 οὕτως
810 672 836 727 ἡ
865 676 954 715 ΑΔ
978 674 1089 728 πρὸς
1114 673 1196 727 τὴν
1220 673 1322 713 ΔΓ.

89 734 182 778 ἐπεὶ
221 737 305 792 γὰρ
336 737 386 779 τὸ
416 737 504 780 ὑπὸ
535 745 626 780 τῶν
652 741 783 780 ΒΔΕ
815 742 914 781 ἴσον
945 737 1067 781 ἐστὶν
1098 743 1157 796 τῷ
1186 737 1274 780 ὑπὸ
1301 744 1392 779 τῶν

16 803 171 857 »ΑΛΓ,
196 803 349 845 κοινὸν
374 806 656 859 προσκείσθω
677 804 726 846 τὸ
748 804 834 846 ἀπὸ
853 807 939 846 ΔΕ
956 804 1249 859 τετράγωνον·
1284 802 1392 845 ὅλον

14 867 115 922 ,ἄρα
141 867 189 909 τὸ
213 867 300 910 ὑπὸ
321 871 443 911 ΒΕΔ
463 868 562 911 ἴσον
581 874 642 926 τῷ
662 869 747 912 ἀπὸ
770 871 848 912 ΓΕ
864 870 1136 926 τετραγώνῳ.
1168 868 1391 922 ἀνάλογον

18 932 102 975 καὶ
128 932 451 988 ἀναστρέψαντι
476 935 548 977 καὶ
576 934 645 985 δὶς
670 936 723 977 τὰ
747 935 975 991 ἡγούμενα
997 933 1071 977 καὶ
1092 936 1287 977 διελόντι
1307 934 1391 990 ἄρα

12 996 165 1051 ῑέστίν,
186 998 244 1049 ὡς
263 998 289 1053 ἡ
312 1002 392 1041 ΑΒ
411 1001 522 1055 πρὸς
541 1001 622 1055 τὴν
641 1003 731 1055 ΒΓ,
751 1001 892 1051 οὕτως
911 1000 937 1055 ἡ
958 1004 1046 1043 ΑΔ
1064 1001 1176 1055 πρὸς
1194 1002 1276 1055 τὴν
1295 1001 1389 1042 ΔΓ.

91 1062 162 1105 λε’.
201 1065 379 1107 Τούτων
404 1066 547 1108 ὄντων
571 1064 682 1108 ἔστω
707 1067 867 1117 κύκλος
887 1066 910 1109 ὁ
930 1065 1031 1122 περὶ
1051 1066 1289 1120 διάμετρον
1308 1065 1390 1120 τὴν

29 1131 73 1172 A
81 1131 132 1182 Β,
157 1128 230 1171 καὶ
258 1129 541 1185 ἐκβεβλήσθω
567 1132 593 1186 ἡ
622 1135 724 1186 ΑΒ,
751 1134 860 1175 ἔστω
888 1130 937 1174 δὲ
963 1131 1034 1175 ἐπὶ
1058 1136 1282 1186 τυχοῦσαν
1307 1131 1390 1185 τὴν

843 1201 937 1240 ΔΕ
965 1198 1172 1251 κάθετος,
1210 1197 1282 1239 καὶ
1314 1209 1388 1238 πε-

842 1265 1061 1318 ποιήσθω,
1075 1263 1134 1313 ὡς
1148 1261 1173 1317 ἡ
1185 1265 1228 1304 Α
1233 1265 1268 1304 Ζ
1278 1262 1391 1313 πρὸς

841 1330 923 1383 τὴν
953 1331 1046 1382 ΖΒ,
1072 1328 1212 1378 οὕτως
1237 1328 1263 1382 ἡ
1291 1331 1334 1369 Α
1343 1329 1395 1369 Η

842 1463 934 1515 λιν,
968 1454 1068 1502 οἷον
1099 1458 1177 1502 ἐὰν
1207 1457 1279 1501 ἐπὶ
1311 1465 1388 1514 τῆς

841 1529 926 1568 ΕΔ
951 1532 1134 1581 σημεῖον
1154 1528 1307 1580 ληφθῇ
1328 1524 1388 1574 ὡς

840 1592 889 1634 τὸ
910 1595 962 1646 Ε,
988 1592 1061 1634 καὶ
1082 1590 1387 1645 ἐπιζευχθεῖσα

839 1658 866 1712 ἡ
879 1661 970 1700 ΕΗ
978 1657 1174 1712 ἐκβληθῇ
1189 1654 1260 1698 ἐπὶ
1270 1655 1320 1697 τὸ
1335 1657 1386 1710 Θ,

840 1726 1022 1778 γίνεται,
1049 1723 1108 1772 ὡς
1127 1723 1153 1778 ἡ
1178 1725 1258 1764 ΘΕ
1276 1721 1387 1775 πρὸς

840 1790 922 1844 τὴν
940 1790 1050 1843 ΕΚ,
1077 1788 1218 1837 οὕτως
1242 1787 1268 1841 ἡ
1296 1788 1394 1828 ΘΗ

838 1855 949 1909 πρὸς
974 1856 1056 1909 τὴν
1080 1855 1187 1895 ΗΚ.

88 1917 290 1972 εἰλήφθω
321 1918 370 1960 τὸ
402 1918 587 1975 κέντρον
617 1926 697 1962 τοῦ
728 1921 894 1962 κύκλου
921 1920 970 1962 τὸ
998 1923 1058 1974 Λ,
1092 1918 1165 1961 καὶ
1193 1919 1278 1961 ἀπὸ
1305 1923 1384 1960 τοῦ

29 1984 69 2023 A
101 1980 171 2024 ἐπὶ
197 1983 277 2037 τὴν
298 1986 389 2026 ΕΘ
420 1986 607 2036 κάθετος
637 1987 762 2041 ἤχθω
788 1986 815 2040 ἡ
842 1987 966 2028 AM·
1000 1985 1073 2040 ἴση
1100 1986 1186 2041 ἄρα
1212 1983 1333 2027 ἐστὶν
1357 1984 1384 2038 ἡ

26 2120 218 2167 γωνιῶν,
244 2113 293 2156 ἐν
317 2115 463 2173 κύκλῳ
490 2115 610 2159 ἐστὶν
635 2117 687 2159 τὰ
712 2119 764 2172 Ε,
788 2120 836 2172 Ζ,
857 2120 908 2168 Λ,
930 2118 988 2158 Μ
1009 2122 1188 2170 σημεῖα·
1222 2115 1271 2157 τὸ
1300 2115 1384 2171 ἄρα

25 2177 113 2221 ὑπὸ
142 2181 273 2220 ΖΗΛ
299 2183 397 2222 ἴσον
424 2180 542 2224 ἐστὶν
566 2187 626 2240 τῷ
646 2182 733 2226 ὑπὸ
759 2190 848 2225 τῶν
874 2184 1037 2224 ΕΗΜ
1084 2181 1194 2223 ἀλλὰ
1219 2180 1268 2223 τὸ
1296 2180 1383 2223 ὑπὸ

0 2246 116 2313 [τῶν
144 2246 275 2286 ΖΗΛ
307 2248 406 2288 ἴσον
437 2245 558 2289 ἐστὶν
588 2252 647 2305 τῷ
672 2247 760 2290 ὑπὸ
786 2255 876 2290 τῶν
902 2249 1044 2290 ΑΗΒ
1078 2247 1152 2289 διὰ
1177 2247 1225 2288 τὸ
1254 2261 1382 2300 ειναι,

0 2316 3 2370 j
89 2317 145 2349 20.
169 2313 300 2362 πάλιν]
324 2316 368 2350 ut
390 2315 430 2350 in
455 2315 633 2352 lemmate
659 2317 824 2353 XXXIII.

1445 420 1467 451 5

1419 746 1465 778 10

1417 1073 1463 1105 15

840 1395 950 1450 πρὸς
975 1395 1056 1449 τὴν
1076 1396 1183 1436 ΗΒ·
1217 1394 1286 1436 ὅτι
1307 1393 1388 1435 πά-
1414 1412 1462 1443 20

1413 1738 1460 1770 25

28 2049 132 2089 ΚΜ
159 2054 210 2104 τῇ
244 2051 302 2090 M
305 2051 353 2092 Θ.
404 2049 495 2093 ἐπεὶ
530 2049 578 2093 δὲ
610 2051 728 2107 ὀρθή
759 2049 880 2094 ἐστιν
913 2049 1095 2106 ἑκατέρα
1126 2058 1216 2092 τῶν
1247 2052 1320 2102 Μ,
1350 2051 1385 2090 Ζ
1411 2064 1458 2097 30
