<?xml version="1.0" encoding="UTF-8"?>
<!DOCTYPE html PUBLIC "-//W3C//DTD XHTML 1.0 Transitional//EN"
    "http://www.w3.org/TR/xhtml1/DTD/xhtml1-transitional.dtd">
<html xmlns="http://www.w3.org/1999/xhtml" xml:lang="en" lang="en">
 <head>
  <title>
</title>
<meta http-equiv="Content-Type" content="text/html;charset=utf-8" />
  <meta name='ocr-system' content='tesseract 3.04.00' />
  <meta name='ocr-capabilities' content='ocr_page ocr_carea ocr_par ocr_line ocrx_word'/>
</head>
<body>
  <div class='ocr_page' id='page_1' title='image "./euclidisoperaomn08eucluoft_0264.png"; bbox 0 0 1494 2450; ppageno 0'>
   <div class='ocr_carea' id='block_1_1' title="bbox 77 764 119 794">
    <p class='ocr_par' dir='ltr' id='par_1_1' title="bbox 77 764 119 794">
     <span class='ocr_line' id='line_1_1' title="bbox 77 764 119 794; baseline 0 0"><span class='ocrx_word' id='word_1_1' title='bbox 77 764 119 794; x_wconf 91' lang='lat'><strong><em>10</em></strong></span> 
     </span>
    </p>
   </div>
   <div class='ocr_carea' id='block_1_2' title="bbox 76 1085 118 1116">
    <p class='ocr_par' dir='ltr' id='par_1_2' title="bbox 76 1085 118 1116">
     <span class='ocr_line' id='line_1_2' title="bbox 76 1085 118 1116; baseline -0.024 0"><span class='ocrx_word' id='word_1_2' title='bbox 76 1085 118 1116; x_wconf 81' lang='lat'><strong><em>15</em></strong></span> 
     </span>
    </p>
   </div>
   <div class='ocr_carea' id='block_1_3' title="bbox 75 1405 118 1436">
    <p class='ocr_par' dir='ltr' id='par_1_3' title="bbox 75 1405 118 1436">
     <span class='ocr_line' id='line_1_3' title="bbox 75 1405 118 1436; baseline 0.023 -1"><span class='ocrx_word' id='word_1_3' title='bbox 75 1405 118 1436; x_wconf 82' lang='lat'><strong><em>20</em></strong></span> 
     </span>
    </p>
   </div>
   <div class='ocr_carea' id='block_1_4' title="bbox 74 1725 118 1756">
    <p class='ocr_par' dir='ltr' id='par_1_4' title="bbox 74 1725 118 1756">
     <span class='ocr_line' id='line_1_4' title="bbox 74 1725 118 1756; baseline 0 0"><span class='ocrx_word' id='word_1_4' title='bbox 74 1725 118 1756; x_wconf 82' lang='lat'><strong><em>25</em></strong></span> 
     </span>
    </p>
   </div>
   <div class='ocr_carea' id='block_1_5' title="bbox 1445 0 1494 67">
    <p class='ocr_par' dir='ltr' id='par_1_5' title="bbox 1445 0 1494 67">
     <span class='ocr_line' id='line_1_5' title="bbox 1445 0 1494 67; baseline 0 -12"><span class='ocrx_word' id='word_1_5' title='bbox 1445 0 1494 67; x_wconf 97' lang='lat' dir='ltr'><em>Q</em></span> 
     </span>
    </p>
   </div>
   <div class='ocr_carea' id='block_1_6' title="bbox 145 46 1485 112">
    <p class='ocr_par' dir='ltr' id='par_1_6' title="bbox 145 46 1485 112">
     <span class='ocr_line' id='line_1_6' title="bbox 145 46 1485 112; baseline -0.007 0"><span class='ocrx_word' id='word_1_6' title='bbox 145 70 230 112; x_wconf 83' lang='lat'><strong><em>206</em></strong></span> <span class='ocrx_word' id='word_1_7' title='bbox 534 73 788 107; x_wconf 71' lang='grc' dir='ltr'><em>ΕΙΣΑΓΩΓΗ</em></span> <span class='ocrx_word' id='word_1_8' title='bbox 808 73 1085 108; x_wconf 75' lang='lat' dir='ltr'><strong><em>APMONIKH</em></strong></span> <span class='ocrx_word' id='word_1_9' title='bbox 1351 46 1355 49; x_wconf 46' lang='lat'><strong><em>¹</em></strong></span> <span class='ocrx_word' id='word_1_10' title='bbox 1455 58 1485 110; x_wconf 63' lang='lat'><strong><em>³3³-</em></strong></span> 
     </span>
    </p>
   </div>
   <div class='ocr_carea' id='block_1_7' title="bbox 143 177 1476 1839">
    <p class='ocr_par' dir='ltr' id='par_1_7' title="bbox 143 177 1465 1312">
     <span class='ocr_line' id='line_1_7' title="bbox 145 177 1461 240; baseline 0.004 -20"><span class='ocrx_word' id='word_1_11' title='bbox 145 178 390 233; x_wconf 88' lang='grc' dir='ltr'><strong><em>βανομένου</em></strong></span> <span class='ocrx_word' id='word_1_12' title='bbox 415 177 484 220; x_wconf 80' lang='grc' dir='ltr'><strong><em>ἐπὶ</em></strong></span> <span class='ocrx_word' id='word_1_13' title='bbox 507 178 677 233; x_wconf 87' lang='grc' dir='ltr'><strong><em>ὑπάτην</em></strong></span> <span class='ocrx_word' id='word_1_14' title='bbox 701 178 859 232; x_wconf 85' lang='grc' dir='ltr'><strong><em>μέσων·</em></strong></span> <span class='ocrx_word' id='word_1_15' title='bbox 890 182 1038 236; x_wconf 91' lang='grc' dir='ltr'><strong><em>τρίτον</em></strong></span> <span class='ocrx_word' id='word_1_16' title='bbox 1063 178 1112 222; x_wconf 74' lang='grc' dir='ltr'><strong><em>δὲ</em></strong></span> <span class='ocrx_word' id='word_1_17' title='bbox 1135 181 1184 222; x_wconf 94' lang='grc' dir='ltr'><strong><em>τὸ</em></strong></span> <span class='ocrx_word' id='word_1_18' title='bbox 1210 181 1282 224; x_wconf 77' lang='grc' dir='ltr'><strong><em>διὰ</em></strong></span> <span class='ocrx_word' id='word_1_19' title='bbox 1299 190 1461 240; x_wconf 81' lang='grc' dir='ltr'><strong><em>πασῶν,</em></strong></span> 
     </span>
     <span class='ocr_line' id='line_1_8' title="bbox 145 237 1462 301; baseline 0.004 -17"><span class='ocrx_word' id='word_1_20' title='bbox 145 244 285 285; x_wconf 84' lang='grc' dir='ltr'><strong><em>τόνων</em></strong></span> <span class='ocrx_word' id='word_1_21' title='bbox 314 242 379 296; x_wconf 71' lang='grc' dir='ltr'><strong><em>ἕξ,</em></strong></span> <span class='ocrx_word' id='word_1_22' title='bbox 410 237 505 285; x_wconf 84' lang='grc' dir='ltr'><strong><em>οἶόν</em></strong></span> <span class='ocrx_word' id='word_1_23' title='bbox 536 242 626 285; x_wconf 89' lang='grc' dir='ltr'><strong><em>ε’στι</em></strong></span> <span class='ocrx_word' id='word_1_24' title='bbox 657 244 705 286; x_wconf 87' lang='grc' dir='ltr'><strong><em>τὸ</em></strong></span> <span class='ocrx_word' id='word_1_25' title='bbox 731 243 814 286; x_wconf 83' lang='grc' dir='ltr'><strong><em>ἀπὸ</em></strong></span> <span class='ocrx_word' id='word_1_26' title='bbox 840 245 1284 299; x_wconf 79' lang='grc' dir='ltr'><strong><em>προσλαμβανομένου</em></strong></span> <span class='ocrx_word' id='word_1_27' title='bbox 1308 245 1375 289; x_wconf 78' lang='grc' dir='ltr'><strong><em>ἐπὶ</em></strong></span> <span class='ocrx_word' id='word_1_28' title='bbox 1398 246 1462 301; x_wconf 55' lang='grc' dir='ltr'><strong><em>μέν.</em></strong></span> 
     </span>
     <span class='ocr_line' id='line_1_9' title="bbox 146 307 1464 364; baseline 0.004 -16"><span class='ocrx_word' id='word_1_29' title='bbox 146 319 243 361; x_wconf 92' lang='grc' dir='ltr'><strong><em>σην·</em></strong></span> <span class='ocrx_word' id='word_1_30' title='bbox 285 307 490 361; x_wconf 88' lang='grc' dir='ltr'><strong><em>τέταρτον</em></strong></span> <span class='ocrx_word' id='word_1_31' title='bbox 521 308 569 349; x_wconf 83' lang='grc' dir='ltr'><strong><em>δὲ</em></strong></span> <span class='ocrx_word' id='word_1_32' title='bbox 598 310 646 350; x_wconf 92' lang='grc' dir='ltr'><strong><em>τὸ</em></strong></span> <span class='ocrx_word' id='word_1_33' title='bbox 673 309 745 350; x_wconf 80' lang='grc' dir='ltr'><strong><em>διὰ</em></strong></span> <span class='ocrx_word' id='word_1_34' title='bbox 769 315 920 350; x_wconf 83' lang='grc' dir='ltr'><strong><em>πασῶν</em></strong></span> <span class='ocrx_word' id='word_1_35' title='bbox 944 307 1015 351; x_wconf 84' lang='grc' dir='ltr'><strong><em>καὶ</em></strong></span> <span class='ocrx_word' id='word_1_36' title='bbox 1041 309 1113 350; x_wconf 80' lang='grc' dir='ltr'><strong><em>διὰ</em></strong></span> <span class='ocrx_word' id='word_1_37' title='bbox 1136 310 1368 364; x_wconf 77' lang='grc' dir='ltr'><strong><em>τεσσάρων,</em></strong></span> <span class='ocrx_word' id='word_1_38' title='bbox 1396 312 1464 356; x_wconf 64' lang='lat' dir='ltr'><strong><em>*cd-z,-</em></strong></span> 
     </span>
     <span class='ocr_line' id='line_1_10' title="bbox 145 366 1462 429; baseline 0.004 -17"><span class='ocrx_word' id='word_1_39' title='bbox 145 387 236 413; x_wconf 90' lang='grc' dir='ltr'><strong><em>νων</em></strong></span> <span class='ocrx_word' id='word_1_40' title='bbox 261 371 371 413; x_wconf 86' lang='grc' dir='ltr'><strong><em>ὀκτὼ</em></strong></span> <span class='ocrx_word' id='word_1_41' title='bbox 398 371 467 413; x_wconf 79' lang='grc' dir='ltr'><strong><em>καὶ</em></strong></span> <span class='ocrx_word' id='word_1_42' title='bbox 492 371 686 426; x_wconf 82' lang='grc' dir='ltr'><strong><em>ἡμίσεος,</em></strong></span> <span class='ocrx_word' id='word_1_43' title='bbox 718 366 812 414; x_wconf 89' lang='grc' dir='ltr'><strong><em>οἶόν</em></strong></span> <span class='ocrx_word' id='word_1_44' title='bbox 844 371 933 414; x_wconf 75' lang='grc' dir='ltr'><strong><em>ἐστι</em></strong></span> <span class='ocrx_word' id='word_1_45' title='bbox 958 374 1006 414; x_wconf 91' lang='grc' dir='ltr'><strong><em>τὸ</em></strong></span> <span class='ocrx_word' id='word_1_46' title='bbox 1032 372 1114 415; x_wconf 85' lang='grc' dir='ltr'><strong><em>ἀπὸ</em></strong></span> <span class='ocrx_word' id='word_1_47' title='bbox 1139 377 1462 429; x_wconf 80' lang='grc' dir='ltr'><strong><em>προσλαμβανο-</em></strong></span> 
     </span>
     <span class='ocr_line' id='line_1_11' title="bbox 144 434 1464 493; baseline 0.004 -17"><span class='ocrx_word' id='word_1_48' title='bbox 144 435 278 489; x_wconf 82' lang='grc' dir='ltr'><strong><em>μένου</em></strong></span> <span class='ocrx_word' id='word_1_49' title='bbox 299 434 368 477; x_wconf 83' lang='grc' dir='ltr'><strong><em>ἐπὶ</em></strong></span> <span class='ocrx_word' id='word_1_50' title='bbox 387 437 523 490; x_wconf 82' lang='grc' dir='ltr'><strong><em>νήτην</em></strong></span> <span class='ocrx_word' id='word_1_51' title='bbox 542 435 829 491; x_wconf 80' lang='grc' dir='ltr'><strong><em>συνημμένων</em></strong></span> <span class='ocrx_word' id='word_1_52' title='bbox 848 435 874 490; x_wconf 79' lang='grc' dir='ltr'>ἢ</span> <span class='ocrx_word' id='word_1_53' title='bbox 892 438 1144 492; x_wconf 76' lang='grc' dir='ltr'><strong><em>παρανήτην</em></strong></span> <span class='ocrx_word' id='word_1_54' title='bbox 1158 438 1464 493; x_wconf 76' lang='grc' dir='ltr'><strong><em>διεζευγμένων</em></strong></span> 
     </span>
     <span class='ocr_line' id='line_1_12' title="bbox 145 499 1464 555; baseline 0.003 -14"><span class='ocrx_word' id='word_1_55' title='bbox 145 500 367 541; x_wconf 78' lang='grc' dir='ltr'><strong><em>διάτονον·</em></strong></span> <span class='ocrx_word' id='word_1_56' title='bbox 405 499 600 552; x_wconf 86' lang='grc' dir='ltr'><strong><em>πέμπτον</em></strong></span> <span class='ocrx_word' id='word_1_57' title='bbox 625 501 672 541; x_wconf 89' lang='grc' dir='ltr'><strong><em>τὸ</em></strong></span> <span class='ocrx_word' id='word_1_58' title='bbox 699 500 771 542; x_wconf 81' lang='grc' dir='ltr'><strong><em>διὰ</em></strong></span> <span class='ocrx_word' id='word_1_59' title='bbox 795 507 947 542; x_wconf 85' lang='grc' dir='ltr'><strong><em>πασῶν</em></strong></span> <span class='ocrx_word' id='word_1_60' title='bbox 971 500 1042 542; x_wconf 88' lang='grc' dir='ltr'><strong><em>καὶ</em></strong></span> <span class='ocrx_word' id='word_1_61' title='bbox 1069 502 1141 543; x_wconf 79' lang='grc' dir='ltr'><strong><em>διὰ</em></strong></span> <span class='ocrx_word' id='word_1_62' title='bbox 1165 501 1305 555; x_wconf 85' lang='grc' dir='ltr'><strong><em>πέντε,</em></strong></span> <span class='ocrx_word' id='word_1_63' title='bbox 1329 503 1464 545; x_wconf 89' lang='grc' dir='ltr'><strong><em>τόνων</em></strong></span> 
     </span>
     <span class='ocr_line' id='line_1_13' title="bbox 146 559 1463 620; baseline 0.003 -15"><span class='ocrx_word' id='word_1_64' title='bbox 146 562 272 606; x_wconf 83' lang='grc' dir='ltr'><strong><em>ἐννέα</em></strong></span> <span class='ocrx_word' id='word_1_65' title='bbox 295 564 484 618; x_wconf 78' lang='grc' dir='ltr'><strong><em>ἡμίσεος,</em></strong></span> <span class='ocrx_word' id='word_1_66' title='bbox 509 559 606 607; x_wconf 83' lang='grc' dir='ltr'><strong><em>οἷόν</em></strong></span> <span class='ocrx_word' id='word_1_67' title='bbox 631 563 721 606; x_wconf 87' lang='grc' dir='ltr'><strong><em>ἐστι</em></strong></span> <span class='ocrx_word' id='word_1_68' title='bbox 747 565 794 607; x_wconf 92' lang='grc' dir='ltr'><strong><em>τὸ</em></strong></span> <span class='ocrx_word' id='word_1_69' title='bbox 821 564 905 606; x_wconf 81' lang='grc' dir='ltr'><strong><em>ἀπὸ</em></strong></span> <span class='ocrx_word' id='word_1_70' title='bbox 930 565 1372 620; x_wconf 78' lang='grc' dir='ltr'><strong><em>προσλαμβανομένου</em></strong></span> <span class='ocrx_word' id='word_1_71' title='bbox 1397 565 1463 611; x_wconf 75' lang='grc' dir='ltr'><strong><em>ἐπὶ</em></strong></span> 
     </span>
     <span class='ocr_line' id='line_1_14' title="bbox 145 627 1464 684; baseline 0.003 -15"><span class='ocrx_word' id='word_1_72' title='bbox 145 630 279 682; x_wconf 82' lang='grc' dir='ltr'><strong><em>νήτην</em></strong></span> <span class='ocrx_word' id='word_1_73' title='bbox 314 627 640 682; x_wconf 81' lang='grc' dir='ltr'><strong><em>διεζευγμένων·</em></strong></span> <span class='ocrx_word' id='word_1_74' title='bbox 684 628 810 670; x_wconf 80' lang='grc' dir='ltr'><strong><em>ἕκτον</em></strong></span> <span class='ocrx_word' id='word_1_75' title='bbox 843 630 890 670; x_wconf 92' lang='grc' dir='ltr'><strong><em>τὸ</em></strong></span> <span class='ocrx_word' id='word_1_76' title='bbox 926 627 993 678; x_wconf 87' lang='grc' dir='ltr'><strong><em>δὶς</em></strong></span> <span class='ocrx_word' id='word_1_77' title='bbox 1025 630 1097 671; x_wconf 80' lang='grc' dir='ltr'><strong><em>διὰ</em></strong></span> <span class='ocrx_word' id='word_1_78' title='bbox 1127 637 1291 684; x_wconf 83' lang='grc' dir='ltr'><strong><em>πασῶν,</em></strong></span> <span class='ocrx_word' id='word_1_79' title='bbox 1326 631 1464 673; x_wconf 83' lang='grc' dir='ltr'><strong><em>τόνων</em></strong></span> 
     </span>
     <span class='ocr_line' id='line_1_15' title="bbox 146 688 1464 750; baseline 0.002 -17"><span class='ocrx_word' id='word_1_80' title='bbox 146 693 326 745; x_wconf 76' lang='grc' dir='ltr'><strong><em>δώδεκα,</em></strong></span> <span class='ocrx_word' id='word_1_81' title='bbox 353 688 449 734; x_wconf 84' lang='grc' dir='ltr'><strong><em>οἷόν</em></strong></span> <span class='ocrx_word' id='word_1_82' title='bbox 473 692 563 734; x_wconf 82' lang='grc' dir='ltr'><strong><em>ἐστι</em></strong></span> <span class='ocrx_word' id='word_1_83' title='bbox 588 693 636 734; x_wconf 92' lang='grc' dir='ltr'><strong><em>τὸ</em></strong></span> <span class='ocrx_word' id='word_1_84' title='bbox 662 692 745 735; x_wconf 82' lang='grc' dir='ltr'><strong><em>ἀπὸ</em></strong></span> <span class='ocrx_word' id='word_1_85' title='bbox 771 693 1216 748; x_wconf 76' lang='grc' dir='ltr'><strong><em>προσλαμβανομένου</em></strong></span> <span class='ocrx_word' id='word_1_86' title='bbox 1241 693 1310 736; x_wconf 82' lang='grc' dir='ltr'><strong><em>ἐπὶ</em></strong></span> <span class='ocrx_word' id='word_1_87' title='bbox 1334 696 1464 750; x_wconf 83' lang='grc' dir='ltr'><strong><em>νήτην</em></strong></span> 
     </span>
     <span class='ocr_line' id='line_1_16' title="bbox 145 756 1463 814; baseline 0.003 -17"><span class='ocrx_word' id='word_1_88' title='bbox 145 756 455 810; x_wconf 84' lang='grc' dir='ltr'><strong><em>ὑπερβολαίων.</em></strong></span> <span class='ocrx_word' id='word_1_89' title='bbox 524 756 590 811; x_wconf 86' lang='grc' dir='ltr'><strong><em>[τὸ</em></strong></span> <span class='ocrx_word' id='word_1_90' title='bbox 637 757 686 799; x_wconf 84' lang='grc' dir='ltr'><strong><em>δὲ</em></strong></span> <span class='ocrx_word' id='word_1_91' title='bbox 735 757 1010 812; x_wconf 90' lang='grc' dir='ltr'><strong><em>συνημμένον</em></strong></span> <span class='ocrx_word' id='word_1_92' title='bbox 1059 758 1254 812; x_wconf 82' lang='grc' dir='ltr'><strong><em>σύστημα</em></strong></span> <span class='ocrx_word' id='word_1_93' title='bbox 1298 759 1463 814; x_wconf 77' lang='grc' dir='ltr'><strong><em>πρόεισι</em></strong></span> 
     </span>
     <span class='ocr_line' id='line_1_17' title="bbox 144 819 1464 878; baseline 0.003 -17"><span class='ocrx_word' id='word_1_94' title='bbox 144 819 266 875; x_wconf 87' lang='grc' dir='ltr'><strong><em>μέχρι</em></strong></span> <span class='ocrx_word' id='word_1_95' title='bbox 291 820 497 875; x_wconf 76' lang='grc' dir='ltr'><strong><em>τετάρτου</em></strong></span> <span class='ocrx_word' id='word_1_96' title='bbox 523 822 779 876; x_wconf 83' lang='grc' dir='ltr'><strong><em>συμφώνου·</em></strong></span> <span class='ocrx_word' id='word_1_97' title='bbox 811 829 983 876; x_wconf 88' lang='grc' dir='ltr'><strong><em>πρῶτον</em></strong></span> <span class='ocrx_word' id='word_1_98' title='bbox 1007 822 1088 877; x_wconf 77' lang='grc' dir='ltr'><strong><em>γὰρ</em></strong></span> <span class='ocrx_word' id='word_1_99' title='bbox 1115 821 1163 863; x_wconf 80' lang='grc' dir='ltr'><strong><em>ἐν</em></strong></span> <span class='ocrx_word' id='word_1_100' title='bbox 1188 822 1302 878; x_wconf 81' lang='grc' dir='ltr'><strong><em>αὐτῷ</em></strong></span> <span class='ocrx_word' id='word_1_101' title='bbox 1327 823 1374 864; x_wconf 90' lang='grc' dir='ltr'><strong><em>τὸ</em></strong></span> <span class='ocrx_word' id='word_1_102' title='bbox 1393 823 1464 866; x_wconf 79' lang='grc' dir='ltr'><strong><em>διὰ</em></strong></span> 
     </span>
     <span class='ocr_line' id='line_1_18' title="bbox 144 884 1464 942; baseline 0.002 -17"><span class='ocrx_word' id='word_1_103' title='bbox 144 884 377 938; x_wconf 80' lang='grc' dir='ltr'><strong><em>τεσσάρων,</em></strong></span> <span class='ocrx_word' id='word_1_104' title='bbox 402 885 608 940; x_wconf 88' lang='grc' dir='ltr'><strong><em>δεύτερον</em></strong></span> <span class='ocrx_word' id='word_1_105' title='bbox 632 886 680 928; x_wconf 92' lang='grc' dir='ltr'><strong><em>τὸ</em></strong></span> <span class='ocrx_word' id='word_1_106' title='bbox 707 885 779 927; x_wconf 82' lang='grc' dir='ltr'><strong><em>διὰ</em></strong></span> <span class='ocrx_word' id='word_1_107' title='bbox 803 885 942 940; x_wconf 83' lang='grc' dir='ltr'><strong><em>πέντε,</em></strong></span> <span class='ocrx_word' id='word_1_108' title='bbox 966 887 1114 941; x_wconf 87' lang='grc' dir='ltr'><strong><em>τρίτον</em></strong></span> <span class='ocrx_word' id='word_1_109' title='bbox 1138 886 1186 928; x_wconf 90' lang='grc' dir='ltr'><strong><em>τὸ</em></strong></span> <span class='ocrx_word' id='word_1_110' title='bbox 1212 887 1284 927; x_wconf 83' lang='grc' dir='ltr'><strong><em>διὰ</em></strong></span> <span class='ocrx_word' id='word_1_111' title='bbox 1302 893 1464 942; x_wconf 83' lang='grc' dir='ltr'><strong><em>πασῶν,</em></strong></span> 
     </span>
     <span class='ocr_line' id='line_1_19' title="bbox 144 948 1464 1005; baseline 0.002 -15"><span class='ocrx_word' id='word_1_112' title='bbox 144 948 348 1003; x_wconf 90' lang='grc' dir='ltr'><strong><em>τέταρτον</em></strong></span> <span class='ocrx_word' id='word_1_113' title='bbox 381 950 429 991; x_wconf 92' lang='grc' dir='ltr'><strong><em>τὸ</em></strong></span> <span class='ocrx_word' id='word_1_114' title='bbox 464 950 536 991; x_wconf 80' lang='grc' dir='ltr'><strong><em>διὰ</em></strong></span> <span class='ocrx_word' id='word_1_115' title='bbox 570 957 720 991; x_wconf 82' lang='grc' dir='ltr'><strong><em>πασῶν</em></strong></span> <span class='ocrx_word' id='word_1_116' title='bbox 753 949 824 991; x_wconf 85' lang='grc' dir='ltr'><strong><em>καὶ</em></strong></span> <span class='ocrx_word' id='word_1_117' title='bbox 859 951 931 992; x_wconf 81' lang='grc' dir='ltr'><strong><em>διὰ</em></strong></span> <span class='ocrx_word' id='word_1_118' title='bbox 965 950 1216 1005; x_wconf 67' lang='grc' dir='ltr'><strong><em>τεσσάρων]</em></strong></span> <span class='ocrx_word' id='word_1_119' title='bbox 1265 950 1288 992; x_wconf 88' lang='grc' dir='ltr'>ὁ</span> <span class='ocrx_word' id='word_1_120' title='bbox 1320 948 1367 992; x_wconf 75' lang='grc' dir='ltr'><strong><em>δὲ</em></strong></span> <span class='ocrx_word' id='word_1_121' title='bbox 1391 956 1464 1005; x_wconf 79' lang='grc' dir='ltr'><strong><em>τῆς</em></strong></span> 
     </span>
     <span class='ocr_line' id='line_1_20' title="bbox 145 1013 1464 1070; baseline 0.002 -16"><span class='ocrx_word' id='word_1_122' title='bbox 145 1019 317 1066; x_wconf 80' lang='grc' dir='ltr'><strong><em>φωνῆς</em></strong></span> <span class='ocrx_word' id='word_1_123' title='bbox 353 1014 505 1063; x_wconf 83' lang='grc' dir='ltr'><strong><em>τόπος</em></strong></span> <span class='ocrx_word' id='word_1_124' title='bbox 540 1013 712 1064; x_wconf 78' lang='grc' dir='ltr'><strong><em>αὔξεται</em></strong></span> <span class='ocrx_word' id='word_1_125' title='bbox 749 1013 872 1069; x_wconf 87' lang='grc' dir='ltr'><strong><em>μέχρι</em></strong></span> <span class='ocrx_word' id='word_1_126' title='bbox 908 1020 987 1056; x_wconf 91' lang='grc' dir='ltr'><strong><em>τοῦ</em></strong></span> <span class='ocrx_word' id='word_1_127' title='bbox 1020 1014 1181 1068; x_wconf 86' lang='grc' dir='ltr'><strong><em>ὀγδόου</em></strong></span> <span class='ocrx_word' id='word_1_128' title='bbox 1214 1015 1464 1070; x_wconf 84' lang='grc' dir='ltr'><strong><em>συμφώνου,</em></strong></span> 
     </span>
     <span class='ocr_line' id='line_1_21' title="bbox 146 1076 1462 1133; baseline 0.002 -15"><span class='ocrx_word' id='word_1_129' title='bbox 146 1076 248 1132; x_wconf 86' lang='grc' dir='ltr'><strong><em>ὅπερ</em></strong></span> <span class='ocrx_word' id='word_1_130' title='bbox 281 1076 370 1118; x_wconf 84' lang='grc' dir='ltr'><strong><em>ἐστὶ</em></strong></span> <span class='ocrx_word' id='word_1_131' title='bbox 403 1076 471 1127; x_wconf 83' lang='grc' dir='ltr'><strong><em>δὶς</em></strong></span> <span class='ocrx_word' id='word_1_132' title='bbox 496 1079 568 1119; x_wconf 79' lang='grc' dir='ltr'><strong><em>διὰ</em></strong></span> <span class='ocrx_word' id='word_1_133' title='bbox 593 1085 743 1120; x_wconf 89' lang='grc' dir='ltr'><strong><em>πασῶν</em></strong></span> <span class='ocrx_word' id='word_1_134' title='bbox 767 1079 837 1120; x_wconf 84' lang='grc' dir='ltr'><strong><em>καὶ</em></strong></span> <span class='ocrx_word' id='word_1_135' title='bbox 862 1079 935 1120; x_wconf 81' lang='grc' dir='ltr'><strong><em>διὰ</em></strong></span> <span class='ocrx_word' id='word_1_136' title='bbox 958 1079 1179 1133; x_wconf 86' lang='grc' dir='ltr'><strong><em>τεσσάρων</em></strong></span> <span class='ocrx_word' id='word_1_137' title='bbox 1204 1077 1274 1120; x_wconf 81' lang='grc' dir='ltr'><strong><em>καὶ</em></strong></span> <span class='ocrx_word' id='word_1_138' title='bbox 1299 1077 1367 1128; x_wconf 85' lang='grc' dir='ltr'><strong><em>δὶς</em></strong></span> <span class='ocrx_word' id='word_1_139' title='bbox 1391 1079 1462 1121; x_wconf 82' lang='grc' dir='ltr'><strong><em>διὰ</em></strong></span> 
     </span>
     <span class='ocr_line' id='line_1_22' title="bbox 143 1141 1463 1197; baseline 0.002 -15"><span class='ocrx_word' id='word_1_140' title='bbox 143 1148 294 1183; x_wconf 86' lang='grc' dir='ltr'><strong><em>πασῶν</em></strong></span> <span class='ocrx_word' id='word_1_141' title='bbox 331 1142 402 1183; x_wconf 81' lang='grc' dir='ltr'><strong><em>καὶ</em></strong></span> <span class='ocrx_word' id='word_1_142' title='bbox 438 1142 511 1184; x_wconf 82' lang='grc' dir='ltr'><strong><em>διὰ</em></strong></span> <span class='ocrx_word' id='word_1_143' title='bbox 543 1141 682 1185; x_wconf 88' lang='grc' dir='ltr'><strong><em>πέντε.</em></strong></span> <span class='ocrx_word' id='word_1_144' title='bbox 731 1143 931 1197; x_wconf 85' lang='grc' dir='ltr'><strong><em>διάφωνα</em></strong></span> <span class='ocrx_word' id='word_1_145' title='bbox 966 1142 1017 1185; x_wconf 88' lang='grc' dir='ltr'><strong><em>δέ</em></strong></span> <span class='ocrx_word' id='word_1_146' title='bbox 1045 1142 1133 1184; x_wconf 85' lang='grc' dir='ltr'><strong><em>ἐστι</em></strong></span> <span class='ocrx_word' id='word_1_147' title='bbox 1163 1143 1214 1184; x_wconf 84' lang='grc' dir='ltr'><strong><em>τά</em></strong></span> <span class='ocrx_word' id='word_1_148' title='bbox 1238 1158 1284 1184; x_wconf 88' lang='grc' dir='ltr'><strong><em>τε</em></strong></span> <span class='ocrx_word' id='word_1_149' title='bbox 1309 1143 1463 1185; x_wconf 79' lang='grc' dir='ltr'><strong><em>ἐλάττω</em></strong></span> 
     </span>
     <span class='ocr_line' id='line_1_23' title="bbox 144 1206 1465 1262; baseline 0.002 -16"><span class='ocrx_word' id='word_1_150' title='bbox 144 1212 232 1247; x_wconf 89' lang='grc' dir='ltr'><strong><em>τῶν</em></strong></span> <span class='ocrx_word' id='word_1_151' title='bbox 257 1206 282 1247; x_wconf 92' lang='grc' dir='ltr'><strong><em>δ</em></strong></span> <span class='ocrx_word' id='word_1_152' title='bbox 286 1206 329 1247; x_wconf 80' lang='grc' dir='ltr'><strong><em>ιὰ</em></strong></span> <span class='ocrx_word' id='word_1_153' title='bbox 354 1207 575 1262; x_wconf 86' lang='grc' dir='ltr'><strong><em>τεσσάρων</em></strong></span> <span class='ocrx_word' id='word_1_154' title='bbox 593 1206 662 1248; x_wconf 86' lang='grc' dir='ltr'><strong><em>καὶ</em></strong></span> <span class='ocrx_word' id='word_1_155' title='bbox 681 1206 840 1260; x_wconf 82' lang='grc' dir='ltr'><strong><em>μεταξὺ</em></strong></span> <span class='ocrx_word' id='word_1_156' title='bbox 859 1214 947 1249; x_wconf 90' lang='grc' dir='ltr'><strong><em>τῶν</em></strong></span> <span class='ocrx_word' id='word_1_157' title='bbox 965 1206 1201 1262; x_wconf 87' lang='grc' dir='ltr'><strong><em>εἰρημένων</em></strong></span> <span class='ocrx_word' id='word_1_158' title='bbox 1220 1207 1465 1261; x_wconf 82' lang='grc' dir='ltr'><strong><em>συμφώνων</em></strong></span> 
     </span>
     <span class='ocr_line' id='line_1_24' title="bbox 143 1271 294 1312; baseline 0.007 -1"><span class='ocrx_word' id='word_1_159' title='bbox 143 1271 294 1312; x_wconf 90' lang='grc' dir='ltr'><strong><em>πάντα.</em></strong></span> 
     </span>
    </p>

    <p class='ocr_par' dir='ltr' id='par_1_8' title="bbox 143 1333 1476 1839">
     <span class='ocr_line' id='line_1_25' title="bbox 203 1333 1476 1390; baseline 0.001 -15"><span class='ocrx_word' id='word_1_160' title='bbox 203 1333 240 1375; x_wconf 92' lang='lat'><strong><em>9.</em></strong></span> <span class='ocrx_word' id='word_1_161' title='bbox 288 1337 459 1376; x_wconf 88' lang='grc' dir='ltr'><strong><em>Γίνεται</em></strong></span> <span class='ocrx_word' id='word_1_162' title='bbox 491 1335 539 1377; x_wconf 80' lang='grc' dir='ltr'><strong><em>δὲ</em></strong></span> <span class='ocrx_word' id='word_1_163' title='bbox 569 1334 639 1377; x_wconf 85' lang='grc' dir='ltr'><strong><em>καὶ</em></strong></span> <span class='ocrx_word' id='word_1_164' title='bbox 665 1337 892 1390; x_wconf 86' lang='grc' dir='ltr'><strong><em>σχήματα</em></strong></span> <span class='ocrx_word' id='word_1_165' title='bbox 917 1341 995 1377; x_wconf 86' lang='grc' dir='ltr'><strong><em>τοῦ</em></strong></span> <span class='ocrx_word' id='word_1_166' title='bbox 1021 1336 1156 1377; x_wconf 89' lang='grc' dir='ltr'><strong><em>αὐτοῦ</em></strong></span> <span class='ocrx_word' id='word_1_167' title='bbox 1181 1334 1396 1389; x_wconf 78' lang='grc' dir='ltr'><strong><em>μεγέθους</em></strong></span> <span class='ocrx_word' id='word_1_168' title='bbox 1420 1333 1476 1376; x_wconf 70' lang='grc' dir='ltr'><strong><em>ἐκ</em></strong></span> 
     </span>
     <span class='ocr_line' id='line_1_26' title="bbox 144 1398 1465 1455; baseline 0.001 -16"><span class='ocrx_word' id='word_1_169' title='bbox 144 1405 231 1440; x_wconf 89' lang='grc' dir='ltr'><strong><em>τῶν</em></strong></span> <span class='ocrx_word' id='word_1_170' title='bbox 265 1399 410 1440; x_wconf 85' lang='grc' dir='ltr'><strong><em>αὐτῶν</em></strong></span> <span class='ocrx_word' id='word_1_171' title='bbox 443 1398 700 1441; x_wconf 82' lang='grc' dir='ltr'><strong><em>ἀσυνθέτων</em></strong></span> <span class='ocrx_word' id='word_1_172' title='bbox 734 1401 993 1455; x_wconf 78' lang='grc' dir='ltr'><strong><em>συγκείμενα</em></strong></span> <span class='ocrx_word' id='word_1_173' title='bbox 1023 1399 1093 1441; x_wconf 84' lang='grc' dir='ltr'><strong><em>καὶ</em></strong></span> <span class='ocrx_word' id='word_1_174' title='bbox 1125 1399 1336 1454; x_wconf 83' lang='grc' dir='ltr'><strong><em>ἀριθμοῦ,</em></strong></span> <span class='ocrx_word' id='word_1_175' title='bbox 1372 1400 1413 1440; x_wconf 89' lang='grc' dir='ltr'><strong><em>ει’</em></strong></span> <span class='ocrx_word' id='word_1_176' title='bbox 1438 1398 1465 1453; x_wconf 81' lang='grc' dir='ltr'><strong><em>ἡ</em></strong></span> 
     </span>
     <span class='ocr_line' id='line_1_27' title="bbox 144 1462 1466 1519; baseline 0 -15"><span class='ocrx_word' id='word_1_177' title='bbox 144 1462 261 1513; x_wconf 81' lang='grc' dir='ltr'><strong><em>τάξις</em></strong></span> <span class='ocrx_word' id='word_1_178' title='bbox 291 1463 436 1505; x_wconf 86' lang='grc' dir='ltr'><strong><em>αὐτῶν</em></strong></span> <span class='ocrx_word' id='word_1_179' title='bbox 467 1463 700 1506; x_wconf 80' lang='grc' dir='ltr'><strong><em>ἀλλοίωσιν</em></strong></span> <span class='ocrx_word' id='word_1_180' title='bbox 734 1464 859 1517; x_wconf 85' lang='grc' dir='ltr'><strong><em>λάβοι</em></strong></span> <span class='ocrx_word' id='word_1_181' title='bbox 885 1463 1201 1519; x_wconf 87' lang='grc' dir='ltr'><strong><em>ε’νυπάρχοντός</em></strong></span> <span class='ocrx_word' id='word_1_182' title='bbox 1224 1479 1343 1512; x_wconf 87' lang='grc' dir='ltr'><strong><em>τινος</em></strong></span> <span class='ocrx_word' id='word_1_183' title='bbox 1367 1462 1466 1505; x_wconf 83' lang='grc' dir='ltr'><strong><em>ἀνο-</em></strong></span> 
     </span>
     <span class='ocr_line' id='line_1_28' title="bbox 143 1526 1467 1583; baseline 0 -15"><span class='ocrx_word' id='word_1_184' title='bbox 143 1530 291 1582; x_wconf 86' lang='grc' dir='ltr'><strong><em>μοιόυ·</em></strong></span> <span class='ocrx_word' id='word_1_185' title='bbox 322 1529 373 1569; x_wconf 80' lang='grc' dir='ltr'><strong><em>τὰ</em></strong></span> <span class='ocrx_word' id='word_1_186' title='bbox 398 1528 480 1583; x_wconf 76' lang='grc' dir='ltr'><strong><em>γὰρ</em></strong></span> <span class='ocrx_word' id='word_1_187' title='bbox 507 1527 549 1578; x_wconf 80' lang='grc' dir='ltr'><strong><em>ἐξ</em></strong></span> <span class='ocrx_word' id='word_1_188' title='bbox 577 1532 684 1570; x_wconf 75' lang='grc' dir='ltr'><strong><em>ἴσων</em></strong></span> <span class='ocrx_word' id='word_1_189' title='bbox 707 1528 882 1569; x_wconf 89' lang='grc' dir='ltr'><strong><em>πάντων</em></strong></span> <span class='ocrx_word' id='word_1_190' title='bbox 906 1528 932 1582; x_wconf 82' lang='grc' dir='ltr'>ἢ</span> <span class='ocrx_word' id='word_1_191' title='bbox 958 1527 1120 1580; x_wconf 90' lang='grc' dir='ltr'><strong><em>ὁμοίων</em></strong></span> <span class='ocrx_word' id='word_1_192' title='bbox 1145 1528 1372 1582; x_wconf 84' lang='grc' dir='ltr'><strong><em>σχημάτων</em></strong></span> <span class='ocrx_word' id='word_1_193' title='bbox 1394 1526 1467 1569; x_wconf 79' lang='grc' dir='ltr'><strong><em>ἀλ-</em></strong></span> 
     </span>
     <span class='ocr_line' id='line_1_29' title="bbox 144 1588 1467 1646; baseline 0 -14"><span class='ocrx_word' id='word_1_194' title='bbox 144 1593 324 1634; x_wconf 82' lang='grc' dir='ltr'><strong><em>λοίωσιν</em></strong></span> <span class='ocrx_word' id='word_1_195' title='bbox 361 1592 412 1633; x_wconf 90' lang='grc' dir='ltr'><strong><em>οὐ</em></strong></span> <span class='ocrx_word' id='word_1_196' title='bbox 450 1600 577 1634; x_wconf 87' lang='grc' dir='ltr'><strong><em>ποιεῖ.</em></strong></span> <span class='ocrx_word' id='word_1_197' title='bbox 624 1598 702 1634; x_wconf 88' lang='grc' dir='ltr'><strong><em>τοῦ</em></strong></span> <span class='ocrx_word' id='word_1_198' title='bbox 740 1590 820 1646; x_wconf 72' lang='grc' dir='ltr'><strong><em>μὲν</em></strong></span> <span class='ocrx_word' id='word_1_199' title='bbox 851 1588 932 1634; x_wconf 91' lang='grc' dir='ltr'><strong><em>οὗν</em></strong></span> <span class='ocrx_word' id='word_1_200' title='bbox 963 1592 1047 1633; x_wconf 83' lang='grc' dir='ltr'><strong><em>διὰ</em></strong></span> <span class='ocrx_word' id='word_1_201' title='bbox 1077 1592 1340 1646; x_wconf 87' lang='grc' dir='ltr'><strong><em>τεσσάρων</em></strong></span> <span class='ocrx_word' id='word_1_202' title='bbox 1369 1591 1467 1645; x_wconf 85' lang='grc' dir='ltr'><strong><em>τρία</em></strong></span> 
     </span>
     <span class='ocr_line' id='line_1_30' title="bbox 145 1655 1466 1712; baseline -0.002 -14"><span class='ocrx_word' id='word_1_203' title='bbox 145 1656 262 1698; x_wconf 85' lang='grc' dir='ltr'><strong><em>ἐστὶν</em></strong></span> <span class='ocrx_word' id='word_1_204' title='bbox 288 1657 393 1710; x_wconf 72' lang='grc' dir='ltr'><strong><em>εἴδη.</em></strong></span> <span class='ocrx_word' id='word_1_205' title='bbox 424 1663 598 1712; x_wconf 91' lang='grc' dir='ltr'><strong><em>πρῶτον</em></strong></span> <span class='ocrx_word' id='word_1_206' title='bbox 622 1657 701 1709; x_wconf 83' lang='grc' dir='ltr'><strong><em>μὲν</em></strong></span> <span class='ocrx_word' id='word_1_207' title='bbox 724 1657 772 1698; x_wconf 90' lang='grc' dir='ltr'><strong><em>τὸ</em></strong></span> <span class='ocrx_word' id='word_1_208' title='bbox 798 1656 882 1698; x_wconf 89' lang='grc' dir='ltr'><strong><em>ὑπὸ</em></strong></span> <span class='ocrx_word' id='word_1_209' title='bbox 907 1655 1200 1711; x_wconf 90' lang='grc' dir='ltr'><strong><em>βαρυπύκνων</em></strong></span> <span class='ocrx_word' id='word_1_210' title='bbox 1223 1656 1466 1710; x_wconf 87' lang='grc' dir='ltr'><strong><em>περιεχόμε-</em></strong></span> 
     </span>
     <span class='ocr_line' id='line_1_31' title="bbox 143 1715 1466 1774; baseline -0.002 -12"><span class='ocrx_word' id='word_1_211' title='bbox 143 1736 237 1774; x_wconf 84' lang='grc' dir='ltr'><strong><em>νον,</em></strong></span> <span class='ocrx_word' id='word_1_212' title='bbox 264 1715 359 1762; x_wconf 81' lang='grc' dir='ltr'><strong><em>οἷόν</em></strong></span> <span class='ocrx_word' id='word_1_213' title='bbox 379 1719 467 1762; x_wconf 84' lang='grc' dir='ltr'><strong><em>ἐστι</em></strong></span> <span class='ocrx_word' id='word_1_214' title='bbox 486 1721 534 1762; x_wconf 90' lang='grc' dir='ltr'><strong><em>τὸ</em></strong></span> <span class='ocrx_word' id='word_1_215' title='bbox 554 1719 637 1762; x_wconf 82' lang='grc' dir='ltr'><strong><em>ἀπὸ</em></strong></span> <span class='ocrx_word' id='word_1_216' title='bbox 658 1720 820 1774; x_wconf 88' lang='grc' dir='ltr'><strong><em>ὑπάτης</em></strong></span> <span class='ocrx_word' id='word_1_217' title='bbox 838 1719 1015 1761; x_wconf 86' lang='grc' dir='ltr'><strong><em>ὑπάτων</em></strong></span> <span class='ocrx_word' id='word_1_218' title='bbox 1034 1718 1102 1761; x_wconf 83' lang='grc' dir='ltr'><strong><em>ἐπὶ</em></strong></span> <span class='ocrx_word' id='word_1_219' title='bbox 1121 1719 1290 1773; x_wconf 88' lang='grc' dir='ltr'><strong><em>ὑπάτην</em></strong></span> <span class='ocrx_word' id='word_1_220' title='bbox 1307 1718 1466 1773; x_wconf 89' lang='grc' dir='ltr'><strong><em>μέσων·</em></strong></span> 
     </span>
     <span class='ocr_line' id='line_1_32' title="bbox 144 1776 1466 1839; baseline -0.002 -13"><span class='ocrx_word' id='word_1_221' title='bbox 144 1784 350 1838; x_wconf 86' lang='grc' dir='ltr'><strong><em>δεύτερον</em></strong></span> <span class='ocrx_word' id='word_1_222' title='bbox 380 1785 428 1826; x_wconf 89' lang='grc' dir='ltr'><strong><em>τὸ</em></strong></span> <span class='ocrx_word' id='word_1_223' title='bbox 459 1784 543 1826; x_wconf 86' lang='grc' dir='ltr'><strong><em>ὑπὸ</em></strong></span> <span class='ocrx_word' id='word_1_224' title='bbox 575 1784 859 1838; x_wconf 84' lang='grc' dir='ltr'><strong><em>μεσοπύκνων</em></strong></span> <span class='ocrx_word' id='word_1_225' title='bbox 889 1785 1212 1839; x_wconf 86' lang='grc' dir='ltr'><strong><em>περιεχόμενον,</em></strong></span> <span class='ocrx_word' id='word_1_226' title='bbox 1250 1776 1345 1825; x_wconf 84' lang='grc' dir='ltr'><strong><em>οἷόν</em></strong></span> <span class='ocrx_word' id='word_1_227' title='bbox 1376 1781 1466 1825; x_wconf 81' lang='grc' dir='ltr'><strong><em>ἐστι</em></strong></span> 
     </span>
    </p>
   </div>
   <div class='ocr_carea' id='block_1_8' title="bbox 142 1884 1494 2352">
    <p class='ocr_par' dir='ltr' id='par_1_9' title="bbox 143 1884 1466 2108">
     <span class='ocr_line' id='line_1_33' title="bbox 204 1884 1466 1966; baseline -0.002 -44"><span class='ocrx_word' id='word_1_228' title='bbox 204 1892 234 1922; x_wconf 93' lang='grc'><strong><em>1.</em></strong></span> <span class='ocrx_word' id='word_1_229' title='bbox 261 1887 425 1966; x_wconf 70' lang='grc' dir='ltr'><strong><em>ὑπάτην]</em></strong></span> <span class='ocrx_word' id='word_1_230' title='bbox 446 1887 511 1931; x_wconf 85' lang='lat' dir='ltr'><strong><em>M⁴‚</em></strong></span> <span class='ocrx_word' id='word_1_231' title='bbox 546 1886 684 1931; x_wconf 84' lang='grc' dir='ltr'><strong><em>ὑπάτης</em></strong></span> <span class='ocrx_word' id='word_1_232' title='bbox 716 1887 769 1930; x_wconf 86' lang='grc' dir='ltr'><strong><em>Μ,</em></strong></span> <span class='ocrx_word' id='word_1_233' title='bbox 801 1886 920 1931; x_wconf 81' lang='grc' dir='ltr'><strong><em>ὑπάτη</em></strong></span> <span class='ocrx_word' id='word_1_234' title='bbox 946 1887 1003 1922; x_wconf 92' lang='lat' dir='ltr'><strong><em>W.</em></strong></span> <span class='ocrx_word' id='word_1_235' title='bbox 1100 1891 1131 1921; x_wconf 85' lang='lat'><strong><em>2.</em></strong></span> <span class='ocrx_word' id='word_1_236' title='bbox 1157 1885 1273 1922; x_wconf 81' lang='grc' dir='ltr'><strong><em>τόνων</em></strong></span> <span class='ocrx_word' id='word_1_237' title='bbox 1303 1889 1376 1921; x_wconf 85' lang='lat'><strong><em>-3.</em></strong></span> <span class='ocrx_word' id='word_1_238' title='bbox 1403 1884 1466 1921; x_wconf 86' lang='grc' dir='ltr'><strong><em>διὰ</em></strong></span> 
     </span>
     <span class='ocr_line' id='line_1_34' title="bbox 143 1931 1466 1979; baseline -0.001 -11"><span class='ocrx_word' id='word_1_239' title='bbox 143 1935 282 1979; x_wconf 85' lang='grc' dir='ltr'><strong><em>πασῶν]</em></strong></span> <span class='ocrx_word' id='word_1_240' title='bbox 310 1945 378 1968; x_wconf 88' lang='lat' dir='ltr'><strong><em>om.</em></strong></span> <span class='ocrx_word' id='word_1_241' title='bbox 424 1934 462 1969; x_wconf 89' lang='lat' dir='ltr'><strong><em>V.</em></strong></span> <span class='ocrx_word' id='word_1_242' title='bbox 571 1938 601 1969; x_wconf 85' lang='lat'><strong><em>4.</em></strong></span> <span class='ocrx_word' id='word_1_243' title='bbox 628 1934 689 1969; x_wconf 74' lang='grc' dir='ltr'><strong><em>καὶ</em></strong></span> <span class='ocrx_word' id='word_1_244' title='bbox 715 1931 875 1979; x_wconf 83' lang='grc' dir='ltr'><strong><em>ἡμίσεος]</em></strong></span> <span class='ocrx_word' id='word_1_245' title='bbox 901 1932 1051 1979; x_wconf 82' lang='grc' dir='ltr'><strong><em>ἡμίσους</em></strong></span> <span class='ocrx_word' id='word_1_246' title='bbox 1069 1933 1127 1968; x_wconf 91' lang='lat' dir='ltr'><strong><em>W.</em></strong></span> <span class='ocrx_word' id='word_1_247' title='bbox 1231 1937 1262 1967; x_wconf 82' lang='lat'><strong><em>5.</em></strong></span> <span class='ocrx_word' id='word_1_248' title='bbox 1289 1931 1466 1976; x_wconf 81' lang='grc' dir='ltr'><strong><em>συνημμέ-</em></strong></span> 
     </span>
     <span class='ocr_line' id='line_1_35' title="bbox 143 1978 1417 2027; baseline -0.002 -11"><span class='ocrx_word' id='word_1_249' title='bbox 143 1981 233 2027; x_wconf 85' lang='grc' dir='ltr'><strong><em>νων]</em></strong></span> <span class='ocrx_word' id='word_1_250' title='bbox 260 1980 377 2025; x_wconf 84' lang='grc' dir='ltr'><strong><em>μέσων</em></strong></span> <span class='ocrx_word' id='word_1_251' title='bbox 403 1981 458 2015; x_wconf 88' lang='lat' dir='ltr'><strong><em>W.</em></strong></span> <span class='ocrx_word' id='word_1_252' title='bbox 579 1986 610 2016; x_wconf 75' lang='grc' dir='ltr'><strong><em>Γ).</em></strong></span> <span class='ocrx_word' id='word_1_253' title='bbox 637 1980 810 2016; x_wconf 84' lang='grc' dir='ltr'><strong><em>διάτονον</em></strong></span> <span class='ocrx_word' id='word_1_254' title='bbox 836 2001 878 2006; x_wconf 85' lang='grc'><strong><em>--·</em></strong></span> <span class='ocrx_word' id='word_1_255' title='bbox 906 1983 936 2014; x_wconf 90' lang='grc'><strong><em>8.</em></strong></span> <span class='ocrx_word' id='word_1_256' title='bbox 963 1979 1234 2024; x_wconf 77' lang='grc' dir='ltr'><strong><em>διεζευγμένων]</em></strong></span> <span class='ocrx_word' id='word_1_257' title='bbox 1265 1990 1334 2014; x_wconf 90' lang='lat' dir='ltr'><strong><em>om.</em></strong></span> <span class='ocrx_word' id='word_1_258' title='bbox 1360 1978 1417 2013; x_wconf 93' lang='lat' dir='ltr'><strong><em>W.</em></strong></span> 
     </span>
     <span class='ocr_line' id='line_1_36' title="bbox 146 2024 1464 2108; baseline -0.001 -47"><span class='ocrx_word' id='word_1_259' title='bbox 146 2030 198 2062; x_wconf 93' lang='grc'><strong><em>10.</em></strong></span> <span class='ocrx_word' id='word_1_260' title='bbox 224 2026 264 2063; x_wconf 89' lang='grc' dir='ltr'><strong><em>τό</em></strong></span> <span class='ocrx_word' id='word_1_261' title='bbox 281 2049 321 2052; x_wconf 91' lang='grc'><strong>-</strong></span> <span class='ocrx_word' id='word_1_262' title='bbox 340 2031 392 2061; x_wconf 93' lang='grc'><strong><em>11.</em></strong></span> <span class='ocrx_word' id='word_1_263' title='bbox 419 2027 626 2108; x_wconf 47' lang='grc' dir='ltr'><strong><em>μέχριὲΜδ,</em></strong></span> <span class='ocrx_word' id='word_1_264' title='bbox 651 2039 719 2062; x_wconf 91' lang='lat' dir='ltr'><strong><em>om.</em></strong></span> <span class='ocrx_word' id='word_1_265' title='bbox 740 2026 858 2062; x_wconf 86' lang='lat' dir='ltr'>M1W.</span> <span class='ocrx_word' id='word_1_266' title='bbox 907 2027 1067 2073; x_wconf 84' lang='grc' dir='ltr'><strong><em>πρῶτον]</em></strong></span> <span class='ocrx_word' id='word_1_267' title='bbox 1087 2026 1206 2070; x_wconf 86' lang='lat' dir='ltr'>M³W,</span> <span class='ocrx_word' id='word_1_268' title='bbox 1230 2027 1383 2069; x_wconf 81' lang='grc' dir='ltr'><strong><em>πρώτων</em></strong></span> <span class='ocrx_word' id='word_1_269' title='bbox 1400 2024 1464 2060; x_wconf 74' lang='lat' dir='ltr'><strong><em>M&#39;.</em></strong></span> 
     </span>
    </p>

    <p class='ocr_par' dir='ltr' id='par_1_10' title="bbox 142 2071 1494 2359">
     <span class='ocr_line' id='line_1_37' title="bbox 190 2071 1417 2121; baseline -0.002 -13"><span class='ocrx_word' id='word_1_270' title='bbox 190 2074 258 2118; x_wconf 79' lang='grc' dir='ltr'><strong><em>γὰρ</em></strong></span> <span class='ocrx_word' id='word_1_271' title='bbox 284 2074 323 2108; x_wconf 79' lang='grc' dir='ltr'><strong><em>ἐν</em></strong></span> <span class='ocrx_word' id='word_1_272' title='bbox 348 2075 458 2121; x_wconf 79' lang='grc' dir='ltr'><strong><em>αὐτῷ]</em></strong></span> <span class='ocrx_word' id='word_1_273' title='bbox 485 2074 515 2107; x_wconf 89' lang='lat' dir='ltr'>N</span> <span class='ocrx_word' id='word_1_274' title='bbox 560 2101 570 2118; x_wconf 90' lang='lat'><em>‚</em></span> <span class='ocrx_word' id='word_1_275' title='bbox 601 2079 754 2119; x_wconf 81' lang='grc' dir='ltr'><strong><em>γραφῶν</em></strong></span> <span class='ocrx_word' id='word_1_276' title='bbox 778 2074 843 2117; x_wconf 86' lang='lat' dir='ltr'><strong><em>M¹‚</em></strong></span> <span class='ocrx_word' id='word_1_277' title='bbox 874 2073 942 2118; x_wconf 80' lang='grc' dir='ltr'><strong><em>γὰρ</em></strong></span> <span class='ocrx_word' id='word_1_278' title='bbox 976 2073 1096 2108; x_wconf 83' lang='grc' dir='ltr'><strong><em>αὐτῶν</em></strong></span> <span class='ocrx_word' id='word_1_279' title='bbox 1120 2072 1186 2116; x_wconf 77' lang='lat' dir='ltr'><strong><em>M‘,</em></strong></span> <span class='ocrx_word' id='word_1_280' title='bbox 1217 2071 1334 2117; x_wconf 77' lang='grc' dir='ltr'><strong><em>γράφε</em></strong></span> <span class='ocrx_word' id='word_1_281' title='bbox 1360 2071 1417 2106; x_wconf 90' lang='lat' dir='ltr'><strong><em>W.</em></strong></span> 
     </span>
     <span class='ocr_line' id='line_1_38' title="bbox 145 2117 1464 2165; baseline -0.001 -11"><span class='ocrx_word' id='word_1_282' title='bbox 145 2124 198 2155; x_wconf 79' lang='lat'><strong><em>12.</em></strong></span> <span class='ocrx_word' id='word_1_283' title='bbox 225 2120 410 2165; x_wconf 80' lang='grc' dir='ltr'><strong><em>δεύτερον]</em></strong></span> <span class='ocrx_word' id='word_1_284' title='bbox 436 2120 550 2162; x_wconf 81' lang='lat' dir='ltr'><strong>M⁸W,</strong></span> <span class='ocrx_word' id='word_1_285' title='bbox 576 2119 756 2163; x_wconf 81' lang='grc' dir='ltr'><strong><em>δευτέρων</em></strong></span> <span class='ocrx_word' id='word_1_286' title='bbox 779 2120 844 2163; x_wconf 87' lang='lat' dir='ltr'><strong><em>M¹‚</em></strong></span> <span class='ocrx_word' id='word_1_287' title='bbox 871 2120 959 2154; x_wconf 76' lang='lat' dir='ltr'><strong>item</strong></span> <span class='ocrx_word' id='word_1_288' title='bbox 982 2118 1123 2163; x_wconf 77' lang='grc' dir='ltr'><strong><em>τρίτων.</em></strong></span> <span class='ocrx_word' id='word_1_289' title='bbox 1216 2123 1268 2154; x_wconf 84' lang='grc'><strong><em>13.</em></strong></span> <span class='ocrx_word' id='word_1_290' title='bbox 1293 2117 1464 2162; x_wconf 81' lang='grc' dir='ltr'><strong><em>τέταρτον</em></strong></span> 
     </span>
     <span class='ocr_line' id='line_1_39' title="bbox 142 2164 1464 2212; baseline -0.002 -10"><span class='ocrx_word' id='word_1_291' title='bbox 142 2165 183 2202; x_wconf 83' lang='grc' dir='ltr'><strong><em>τὸ</em></strong></span> <span class='ocrx_word' id='word_1_292' title='bbox 204 2167 268 2202; x_wconf 82' lang='grc' dir='ltr'><strong><em>διὰ</em></strong></span> <span class='ocrx_word' id='word_1_293' title='bbox 286 2168 424 2212; x_wconf 82' lang='grc' dir='ltr'><strong><em>πασῶν]</em></strong></span> <span class='ocrx_word' id='word_1_294' title='bbox 444 2166 558 2210; x_wconf 81' lang='lat' dir='ltr'>M⁸W‚</span> <span class='ocrx_word' id='word_1_295' title='bbox 585 2178 652 2202; x_wconf 91' lang='lat' dir='ltr'><strong><em>om.</em></strong></span> <span class='ocrx_word' id='word_1_296' title='bbox 673 2167 737 2202; x_wconf 80' lang='lat' dir='ltr'><strong><em>M1.</em></strong></span> <span class='ocrx_word' id='word_1_297' title='bbox 781 2166 845 2201; x_wconf 85' lang='grc' dir='ltr'><strong><em>διά</em></strong></span> <span class='ocrx_word' id='word_1_298' title='bbox 864 2166 972 2212; x_wconf 76' lang='lat' dir='ltr'><strong>(alt.)]</strong></span> <span class='ocrx_word' id='word_1_299' title='bbox 999 2177 1067 2201; x_wconf 91' lang='lat' dir='ltr'><strong><em>om.</em></strong></span> <span class='ocrx_word' id='word_1_300' title='bbox 1088 2165 1145 2200; x_wconf 91' lang='lat' dir='ltr'><strong><em>W.</em></strong></span> <span class='ocrx_word' id='word_1_301' title='bbox 1194 2165 1282 2200; x_wconf 75' lang='lat' dir='ltr'>Post</span> <span class='ocrx_word' id='word_1_302' title='bbox 1307 2164 1370 2200; x_wconf 78' lang='grc' dir='ltr'><strong><em>διὰ</em></strong></span> <span class='ocrx_word' id='word_1_303' title='bbox 1387 2174 1464 2199; x_wconf 85' lang='grc' dir='ltr'><strong><em>τεσ-</em></strong></span> 
     </span>
     <span class='ocr_line' id='line_1_40' title="bbox 144 2210 1464 2259; baseline -0.002 -11"><span class='ocrx_word' id='word_1_304' title='bbox 144 2213 266 2257; x_wconf 86' lang='grc' dir='ltr'><strong><em>σάρων</em></strong></span> <span class='ocrx_word' id='word_1_305' title='bbox 290 2213 344 2247; x_wconf 66' lang='grc' dir='ltr'><strong><em>Μ4</em></strong></span> <span class='ocrx_word' id='word_1_306' title='bbox 374 2213 466 2248; x_wconf 72' lang='lat' dir='ltr'><strong>facit</strong></span> <span class='ocrx_word' id='word_1_307' title='bbox 496 2213 642 2259; x_wconf 81' lang='lat' dir='ltr'><strong>signum</strong></span> <span class='ocrx_word' id='word_1_308' title='bbox 673 2214 726 2248; x_wconf 84' lang='lat' dir='ltr'><strong><em>rei</em></strong></span> <span class='ocrx_word' id='word_1_309' title='bbox 758 2213 914 2247; x_wconf 75' lang='lat' dir='ltr'><strong>omissae</strong></span> <span class='ocrx_word' id='word_1_310' title='bbox 939 2215 1004 2255; x_wconf 73' lang='lat' dir='ltr'><strong><em>2v3</em></strong></span> <span class='ocrx_word' id='word_1_311' title='bbox 1036 2211 1119 2247; x_wconf 74' lang='lat' dir='ltr'><strong>add.</strong></span> <span class='ocrx_word' id='word_1_312' title='bbox 1146 2211 1310 2257; x_wconf 82' lang='grc' dir='ltr'><strong><em>πέμπτον</em></strong></span> <span class='ocrx_word' id='word_1_313' title='bbox 1335 2211 1375 2246; x_wconf 85' lang='grc' dir='ltr'><strong><em>τὸ</em></strong></span> <span class='ocrx_word' id='word_1_314' title='bbox 1401 2210 1464 2245; x_wconf 77' lang='grc' dir='ltr'><strong><em>διὰ</em></strong></span> 
     </span>
     <span class='ocr_line' id='line_1_41' title="bbox 142 2257 1494 2303; baseline -0.001 -8"><span class='ocrx_word' id='word_1_315' title='bbox 142 2266 270 2295; x_wconf 85' lang='grc' dir='ltr'><strong><em>πασῶν</em></strong></span> <span class='ocrx_word' id='word_1_316' title='bbox 296 2261 358 2295; x_wconf 75' lang='grc' dir='ltr'><strong><em>καὶ</em></strong></span> <span class='ocrx_word' id='word_1_317' title='bbox 384 2259 448 2295; x_wconf 79' lang='grc' dir='ltr'><strong><em>διὰ</em></strong></span> <span class='ocrx_word' id='word_1_318' title='bbox 472 2259 590 2303; x_wconf 75' lang='grc' dir='ltr'><strong><em>πέντε,</em></strong></span> <span class='ocrx_word' id='word_1_319' title='bbox 615 2259 720 2295; x_wconf 77' lang='grc' dir='ltr'><strong><em>ἕκτον</em></strong></span> <span class='ocrx_word' id='word_1_320' title='bbox 738 2258 778 2295; x_wconf 85' lang='grc' dir='ltr'><strong><em>τὸ</em></strong></span> <span class='ocrx_word' id='word_1_321' title='bbox 799 2260 856 2300; x_wconf 76' lang='grc' dir='ltr'><strong><em>δὶς</em></strong></span> <span class='ocrx_word' id='word_1_322' title='bbox 881 2258 942 2294; x_wconf 81' lang='grc' dir='ltr'><strong><em>διὰ</em></strong></span> <span class='ocrx_word' id='word_1_323' title='bbox 961 2264 1087 2294; x_wconf 86' lang='grc' dir='ltr'><strong><em>πασῶν</em></strong></span> <span class='ocrx_word' id='word_1_324' title='bbox 1106 2258 1163 2293; x_wconf 91' lang='lat' dir='ltr'><strong><em>W.</em></strong></span> <span class='ocrx_word' id='word_1_325' title='bbox 1227 2262 1279 2293; x_wconf 84' lang='lat'><strong><em>14.</em></strong></span> <span class='ocrx_word' id='word_1_326' title='bbox 1300 2257 1463 2302; x_wconf 76' lang='grc' dir='ltr'><strong><em>αὔξεται]</em></strong></span> <span class='ocrx_word' id='word_1_327' title='bbox 1493 2289 1494 2293; x_wconf 73' lang='grc'>,</span> 
     </span>
     <span class='ocr_line' id='line_1_42' title="bbox 144 2303 1494 2352; baseline -0.002 -11"><span class='ocrx_word' id='word_1_328' title='bbox 144 2307 246 2349; x_wconf 76' lang='grc' dir='ltr'><strong><em>αὔξει</em></strong></span> <span class='ocrx_word' id='word_1_329' title='bbox 270 2306 327 2342; x_wconf 92' lang='lat' dir='ltr'><strong><em>W.</em></strong></span> <span class='ocrx_word' id='word_1_330' title='bbox 403 2311 454 2341; x_wconf 84' lang='lat'><strong><em>15.</em></strong></span> <span class='ocrx_word' id='word_1_331' title='bbox 482 2307 538 2347; x_wconf 82' lang='grc' dir='ltr'><strong><em>δὶς</em></strong></span> <span class='ocrx_word' id='word_1_332' title='bbox 557 2307 778 2352; x_wconf 64' lang='lat' dir='ltr'>(um-umque)</span> <span class='ocrx_word' id='word_1_333' title='bbox 801 2306 866 2349; x_wconf 62' lang='grc' dir='ltr'><strong><em>Μ’,</em></strong></span> <span class='ocrx_word' id='word_1_334' title='bbox 891 2316 960 2341; x_wconf 89' lang='lat' dir='ltr'><strong><em>om.</em></strong></span> <span class='ocrx_word' id='word_1_335' title='bbox 980 2305 1093 2340; x_wconf 81' lang='lat' dir='ltr'>M1W.</span> <span class='ocrx_word' id='word_1_336' title='bbox 1167 2308 1220 2340; x_wconf 83' lang='lat'><strong><em>16.</em></strong></span> <span class='ocrx_word' id='word_1_337' title='bbox 1244 2304 1298 2350; x_wconf 82' lang='grc' dir='ltr'><strong><em>τε]</em></strong></span> <span class='ocrx_word' id='word_1_338' title='bbox 1317 2315 1386 2338; x_wconf 90' lang='lat' dir='ltr'><strong><em>om.</em></strong></span> <span class='ocrx_word' id='word_1_339' title='bbox 1406 2303 1463 2338; x_wconf 91' lang='lat' dir='ltr'><strong><em>W.</em></strong></span> <span class='ocrx_word' id='word_1_340' title='bbox 1493 2310 1494 2338; x_wconf 41' lang='grc' dir='ltr'>ἦ</span> 
     </span>
    </p>
   </div>
  </div>
 </body>
</html>
