1494 2450
508 6 851 43 PRAENOMENA
1303 5 1356 47 97

67 135 166 163 nam
192 118 485 173 describantur
511 116 660 159 circuli
685 115 890 172 paralleli,
916 130 993 172 per
1019 129 1126 170 quos
1153 117 1209 170 K,
1229 117 1287 168 H,
1309 117 1366 157 M

0 187 214 237 ¹feruntur,
240 186 338 241 KA,
357 186 457 238 ΗΘ,
477 185 586 225 ΜΝ.
617 184 765 237 itaque
790 195 913 224 arcus
934 183 1037 235 KH,
1058 183 1142 223 ΛΘ
1159 180 1358 236 aequales

10 253 112 295 :sunt
146 249 372 307 (Theodos.
391 247 448 303 H,
472 246 546 306 13)
586 250 629 290 et
666 247 719 289 ab
754 249 920 289 utrovis
957 248 1157 288 contactu
1192 248 1360 302 aequali

15 318 150 373 spatio
177 315 346 357 distant.
398 317 441 356 et
466 317 668 369 quoniam
697 327 780 368 quo
807 315 999 367 tempore
1025 314 1109 354 ΛΘ
1134 314 1285 367 oritur,
1309 327 1358 354 eo

9 396 130 425 ‘arcus
155 383 256 423 KH
280 380 455 435 occidit,
493 394 578 435 quo
610 382 754 421 autem
785 381 822 420 Θ
856 392 1055 420 exorsum
1087 393 1112 419 a
1142 377 1182 425 Ξ
1213 392 1358 420 arcum

15 445 130 496 ΞΘΟ
153 448 372 502 percurrit,
398 460 447 487 eo
473 447 603 487 etiam
630 447 682 487 H
700 459 895 487 exorsum
924 443 977 486 ab
1005 443 1045 491 Ξ
1067 458 1212 485 arcum
1240 443 1360 491 ΞΘΟ

13 514 238 569 percurrit,
271 514 463 566 tempus,
499 524 583 565 quo
610 513 694 552 ΛΘ
726 512 882 565 oritur,
917 510 1144 551 adsumens
1176 512 1361 564 tempus,

15 593 95 634 quo
133 581 170 620 Θ
201 591 399 619 exorsum
434 591 459 618 a
493 575 533 624 Ξ
569 590 714 618 arcum
750 574 790 623 Ξ
798 578 882 617 ΘΟ
915 578 1146 630 percurrit,
1185 576 1360 630 aequale

0 646 77 686 »est
98 645 297 698 tempori,
328 656 413 696 quo
441 644 492 683 H
518 655 718 684 exorsum
744 655 768 682 a
794 640 834 689 Ξ
857 655 1000 682 arcum
1030 639 1126 687 ΞΗ
1130 643 1166 682 Ο
1191 655 1361 696 percur-

0 699 82 764 trit,
105 708 329 750 adsumens
355 710 536 763 tempus,
564 721 648 762 quo
676 709 766 749 HK
791 705 959 748 occidit.
1005 720 1150 747 verum
1179 708 1361 760 temp11S,

0 779 96 830 3'quo
117 776 197 816 ΛΘ
221 775 374 828 oritur,
409 772 607 815 adsumto
633 775 842 828 tempore,
877 786 960 826 quo
991 774 1028 813 Θ
1054 785 1252 813 exorsum
1279 785 1302 812 a
1324 770 1364 819 Ξ

17 930 128 969 quam
159 931 291 958 arcum
317 921 397 958 AB
428 920 640 969 percurrit,
676 918 726 957 ad
750 920 783 956 Β
815 919 1014 968 pervenit,
1050 931 1138 957 cum
1170 921 1360 968 tempore,

17 990 89 1028 quo
117 979 150 1017 Θ
174 990 198 1016 a.
222 981 258 1017 A
289 991 487 1028 exorsum,
519 979 731 1029 postquam
757 991 895 1017 arcum
921 980 957 1016 A
966 978 1038 1016 ΡΘ
1062 979 1277 1028 percurrit,
1310 978 1360 1015 ad

18 1037 50 1077 Θ
71 1039 264 1088 pervenit,
290 1040 448 1088 tempus
474 1041 546 1088 est,
573 1051 649 1087 quo
677 1038 780 1084 ΛΘ,
805 1038 879 1076 hoc
905 1040 966 1076 est
990 1039 1084 1076 KH
1104 1038 1359 1087 conspicuum

16 1097 338 1147 hemisphaerium
371 1100 583 1148 permutat.
633 1098 769 1147 itaque
805 1110 883 1147 quo
917 1099 1096 1147 tempore
1129 1110 1242 1136 arcus
1274 1099 1365 1136 KH

16 1157 262 1207 conspicuum
287 1158 623 1208 hemisphaerium
649 1159 864 1207 permutat,
891 1170 937 1195 eo
963 1158 1087 1195 etiam
1114 1157 1204 1195 HA.

69 1217 146 1255 iam
177 1219 357 1256 sumatur
385 1219 579 1267 punctum
611 1215 775 1267 aliquod
800 1219 850 1255 M
882 1218 959 1266 ita,
996 1219 1042 1255 ut
1067 1218 1147 1254 HA
1181 1218 1359 1266 aequalis

16 1275 66 1314 sit
89 1277 196 1314 arcui
213 1278 315 1327 AM,
338 1278 380 1315 et
405 1278 458 1315 sit
482 1277 653 1315 circulus
678 1276 909 1326 parallelus,
934 1289 1006 1327 per
1032 1289 1148 1326 quem
1168 1278 1360 1326 punctum
1381 1276 1386 1280 ’

16 1334 68 1374 Μ
79 1335 214 1384 fertur,
240 1333 368 1377 ΜΞΝ
372 1338 414 1374 Ο.
447 1338 540 1375 AM
554 1337 679 1387 igitur
698 1337 876 1386 aequalis
897 1337 957 1375 est
977 1338 1087 1374 arcui
1105 1338 1185 1374 KH
1213 1331 1358 1388 (Theo-

16 1393 93 1434 dos.
117 1394 189 1444 III,
217 1390 273 1448 3),
301 1398 340 1434 et
366 1398 466 1445 AM,
491 1397 578 1435 KH
598 1409 622 1434 a
647 1398 833 1434 contactu
858 1397 1003 1434 aestivi
1027 1397 1175 1446 tropici
1200 1396 1362 1446 aequali

16 1450 140 1504 spatio
170 1454 330 1493 distant.
379 1457 516 1505 itaque
550 1468 627 1505 quo
658 1458 836 1505 tempore
869 1467 983 1494 arcus
1009 1457 1108 1494 AM
1137 1457 1282 1504 oritur,
1315 1469 1360 1494 eo

17 1510 114 1562 HK,
137 1513 211 1552 hoc
237 1516 296 1552 est
324 1514 402 1553 ΘΟ
427 1515 582 1554 occidit.
634 1528 771 1553 verum
795 1517 965 1565 tempus,
997 1528 1075 1565 quo
1101 1517 1200 1554 AM
1222 1517 1362 1564 oritur,

16 1573 164 1622 tempus
188 1574 258 1623 est,
285 1587 362 1624 quo
388 1576 443 1612 M
465 1587 647 1613 exorsum
674 1587 698 1613 a
723 1576 785 1622 M,
810 1577 1023 1624 postquam
1045 1572 1134 1616 ΜΞ
1154 1577 1360 1623 percurrit,

16 1628 65 1670 ad
86 1629 123 1673 Ξ
140 1634 336 1683 pervenitz,
367 1635 522 1684 tempus
548 1636 693 1683 autem,
719 1647 797 1684 quo
827 1634 900 1672 ΘΟ
925 1634 1082 1682 occidit,
1107 1636 1265 1683 tempus
1292 1637 1361 1683 est,

17 1701 90 1741 quo
119 1692 151 1729 Ο
175 1705 355 1731 exorsum
381 1705 404 1730 a
430 1695 484 1744 N,
509 1696 724 1743 postquam
751 1706 885 1732 arcum
911 1694 957 1731 Ν
959 1695 991 1732 Ο
1015 1695 1224 1743 percurrit,
1250 1695 1299 1733 ad
1331 1696 1363 1732 O

15 1752 198 1800 pervenit.
247 1753 383 1802 itaque
413 1755 584 1802 tempus,
616 1766 695 1803 quo
723 1755 778 1790 M
799 1765 979 1791 exorsum
1006 1766 1030 1791 a
1054 1755 1119 1804 M,
1150 1755 1377 1803 postquam⁸

16 1819 146 1848 arcum
170 1808 265 1853 ΜΞ
287 1813 500 1861 percurrit,
533 1812 584 1850 ad
609 1809 647 1854 Ξ
671 1814 869 1862 pervenit,
900 1812 1004 1850 idem
1037 1815 1097 1851 est
1122 1825 1168 1850 ac
1193 1815 1362 1862 tempus,

16 1878 90 1918 quo
119 1870 152 1907 Ο
175 1883 357 1920 exorsum
382 1883 405 1909 a
431 1873 484 1921 N,
510 1873 722 1921 postquam
748 1884 884 1910 arcum
915 1873 991 1910 ΝΟ
1017 1874 1224 1922 percurrit,
1250 1872 1299 1911 ad
1331 1874 1363 1911 O

15 1930 200 1988 pervenit.
249 1942 455 1969 commune
481 1930 677 1969 adiciatur
702 1933 870 1981 tempus,
902 1944 980 1981 quo
1006 1929 1043 1973 Ξ
1063 1944 1244 1971 exorsum
1270 1945 1293 1971 a
1318 1930 1362 1983 Ξ,

17 2041 48 2077 8.
73 2039 160 2088 ἄρα]
186 2041 238 2078 ἔτι
262 2042 316 2078 Ll.
378 2047 411 2079 9.
436 2043 518 2090 τόν]
545 2055 616 2079 0111.
644 2054 684 2084 83
710 2044 802 2079 item
827 2044 891 2079 lin.
915 2048 969 2079 12.
1046 2049 1100 2080 11.
1126 2044 1363 2092 προσλαμβά-

17 2099 90 2124 m
130 2102 174 2124 -ω
200 2089 270 2133 Vl,
297 2104 319 2126 ν
344 2091 427 2126 add.
454 2103 502 2127 m.
530 2095 550 2126 2
579 2091 617 2127 L.
670 2096 725 2127 13.
751 2091 836 2138 ΛΘ]
862 2091 1051 2135 Manitius,
1077 2094 1153 2127 HK
1176 2103 1209 2127 a.
1260 2092 1301 2127 τὸ
1332 2094 1364 2128 Θ

17 2087 221 2186 ‘pedanum'
245 2137 319 2174 ἀπὸ
346 2144 411 2174 τοῦ
439 2139 487 2186 Ξ]
513 2139 657 2183 addidi,
682 2139 751 2174 lac.
779 2151 808 2174 c.
830 2143 850 2174 9
877 2139 949 2174 litt.
971 2149 1004 2174 a.

63 2214 110 2267 t.
148 2234 202 2267 11.
228 2232 317 2268 Post
345 2234 420 2269 eo
445 2233 516 2270 del.
544 2234 648 2271 σύνει
674 2235 758 2270 Vat.
810 2235 913 2281 AM]
939 2235 1038 2270 inter
1063 2239 1095 2269 A
1121 2237 1158 2271 et
1182 2238 1227 2270 Μ
1250 2228 1319 2271 ras.
1345 2240 1360 2270 1

17 2273 87 2313 litt.
112 2279 167 2324 (Ν
169 2280 200 2326 ?)
223 2279 308 2316 Vat.

86 2343 283 2379 Eucliden,
302 2346 369 2372 edd.
390 2347 525 2380 Heiberg
545 2350 573 2373 et
592 2348 710 2381 Menge.
741 2349 826 2374 v111.
1129 2346 1147 2377 7
