1456 2456
31 731 74 762 10

30 1051 72 1083 15

29 1372 74 1402 20

28 1692 71 1722 25

106 40 135 79 4
615 42 925 77 ΦΑΙΝΟΜΕΝΔ

107 149 238 187 λοντα
263 146 334 188 καὶ
360 147 553 200 ὃυόμενα
579 147 729 201 ὁρᾶται
761 148 833 189 διὰ
863 148 910 189 τὸ
942 150 1045 198 τοὺς
1074 149 1261 199 κύκλους
1291 150 1434 193 αὐτῶν

103 210 159 264 μὴ
186 210 316 259 ὅλους
342 205 454 252 εἶναι
479 208 587 265 ὑπὲρ
614 217 710 265 γῆς,
741 210 849 253 ἀλλὰ
879 212 1007 267 μέρος
1037 213 1117 266 μὲν
1149 213 1293 255 αὐτῶν
1322 212 1430 269 ὑπὲρ

102 279 200 327 γῆς,
224 274 272 315 τὸ
299 272 346 315 δὲ
372 275 526 316 λοιπὸν
549 273 635 316 ὑπὸ
661 280 748 328 γῆς.
783 282 870 317 τῶν
895 276 943 318 δὲ
967 274 1074 332 ὑπὲρ
1101 283 1180 331 γῆς
1203 278 1432 332 τμημάτων

103 336 284 379 ἑκάστου
310 337 454 380 αὐτῶν
478 341 622 391 μεῖζον
647 340 847 392 φαίνεται
876 341 925 382 τὸ
951 338 1100 394 ἔγγιον
1121 347 1200 382 τοῦ
1225 343 1430 396 μεγίστου

101 409 188 443 τῶν
214 400 280 443 ἀεὶ
306 409 521 457 φανερῶν,
546 409 635 444 τῶν
660 400 708 444 δὲ
731 402 816 445 ὑπὸ
843 410 925 458 γῆν
953 403 1178 458 ἐλάχιστον
1208 406 1256 447 τὸ
1282 403 1431 460 ἔγγιον

100 471 179 507 τοῦ
205 465 435 520 εἰρημένου
460 467 622 508 κύκλου
656 467 728 508 διὰ
758 468 806 509 τὸ
837 468 915 509 τὸν
945 467 1105 523 χρόνον
1134 475 1209 523 τῆς
1239 469 1323 511 ὑπὸ
1349 476 1432 524 γῆν

102 535 243 585 φορᾶς
267 537 355 572 τῶν
381 529 449 572 ἐπὶ
475 531 632 572 τούτου
658 537 736 572 τοῦ
763 531 927 573 κύκλου
954 531 1145 586 ἀστέρων
1169 533 1310 574 ὄντων
1337 534 1430 574 ἐλά-

100 605 250 648 χιστον
279 592 408 649 ἔχειν,
439 600 513 648 τῆς
546 595 593 636 δὲ
623 592 731 650 ὑπὲρ
764 601 847 649 γῆν
878 601 1017 651 φορᾶς
1046 599 1262 650 πλεῖστον,
1298 598 1350 638 τὰ
1383 595 1432 639 δὲ

101 657 169 700 ἐπὶ
195 665 283 699 τῶν
308 658 533 713 ἀπώτερον
557 659 725 700 τούτων
750 658 815 701 ἀεὶ
841 665 915 713 τῆς
944 657 1024 712 μὲν
1054 659 1162 714 ὑπὲρ
1189 666 1266 714 γῆς
1292 667 1431 716 φορᾶς

100 721 314 764 ἐλάσσονα
339 724 500 777 χρόνον
524 721 652 776 ἔχειν,
677 729 751 777 τῆς
777 723 825 764 δὲ
848 723 932 764 ὑπὸ
959 729 1043 777 γῆν
1066 725 1261 766 πλείονα·
1294 723 1431 780 ἐλάχι-

101 798 206 828 στον
229 784 276 828 δὲ
302 788 463 842 χρόνον
489 786 577 836 ἕξει
602 793 675 841 τῆς
700 787 810 841 ὑπὲρ
834 793 916 841 γῆν
935 793 1076 841 φορᾶς
1094 788 1144 829 τὰ
1164 785 1339 842 ἔγγιστα
1358 795 1432 842 τῆς

98 852 364 905 μεσημβρίας
389 851 512 904 ὄντα,
545 857 619 904 τῆς
645 850 692 892 δὲ
716 849 801 892 ὑπὸ
828 857 910 904 γῆν
934 854 1150 893 πλεῖστον.
1200 853 1431 906 φαίνονται

99 912 147 956 δὲ
167 915 208 956 οὶ
227 913 297 956 ἐπὶ
310 919 388 956 τοῦ
407 915 514 956 κατὰ
534 913 667 968 μέσον
686 916 853 956 τούτων
873 916 994 964 ὄντες
1014 916 1263 971 ἰσοχρόνιον
1282 917 1430 958 ποιού-

98 994 222 1031 μενοι
253 979 333 1033 τὴν
363 976 471 1033 ὑπὲρ
504 985 587 1032 γῆν
620 979 765 1034 φορὰν
801 985 851 1033 τῇ
885 978 970 1021 ὑπὸ
1007 985 1108 1032 γῆν
1145 980 1213 1021 διὸ
1248 979 1431 1034 λέγομεν

98 1049 257 1084 τοῦτον
282 1043 360 1084 τὸν
384 1043 548 1084 κύκλον
574 1043 845 1097 ἰσημερινόν·
877 1044 919 1084 οἱ
945 1042 992 1084 δὲ
1017 1041 1087 1085 ἐπὶ
1114 1050 1202 1085 τῶν
1231 1047 1329 1085 ἴσον
1354 1044 1429 1086 ἀπ-

99 1109 286 1161 εχόντων
310 1113 390 1148 τοῦ
418 1108 671 1162 ἰσημερινοῦ
696 1107 859 1148 κύκλου
893 1108 1144 1162 ῑσοχρόνιον
1173 1108 1429 1162 ποιούμενοι

98 1172 178 1225 τὴν
204 1172 349 1227 φορὰν
374 1169 422 1212 ἐν
447 1177 538 1220 τοῖς
563 1169 742 1220 ἐναλλὰξ
769 1172 997 1232 τμήμασιν,
1023 1165 1118 1213 οἷον
1142 1171 1193 1212 τὰ
1217 1170 1325 1226 ὑπὲρ
1352 1178 1428 1226 γῆς

98 1242 186 1277 τῶν
210 1235 317 1290 πρὸς
343 1236 526 1290 ἄρκτους
551 1236 693 1277 ὄντων
717 1241 809 1283 τοῖς
826 1233 911 1276 ὑπὸ
931 1240 1014 1288 γῆν
1032 1242 1119 1276 τῶν
1138 1235 1246 1289 πρὸς
1270 1246 1428 1290 μεσημ-

96 1300 241 1354 βρίαν,
273 1299 324 1341 τὰ
356 1297 404 1341 δὲ
433 1296 543 1354 ὑπὲρ
575 1305 653 1353 γῆς
684 1305 772 1340 τῶν
802 1298 910 1352 πρὸς
935 1300 1204 1354 μεσημβρίαν
1229 1305 1320 1348 τοῖς
1344 1298 1428 1341 ὑπὸ

98 1368 181 1416 γῆν
200 1371 287 1404 τῶν
305 1364 413 1418 πρὸς
433 1364 616 1414 ἄρκτους
629 1364 787 1404 ὄντων·
813 1361 835 1403 ὁ
855 1359 903 1403 δὲ
924 1364 1254 1418 συναμφότερος
1272 1364 1429 1417 χρόνος

98 1426 280 1469 ἑκάστου
305 1428 469 1468 κύκλου
495 1427 517 1469 ὅ
545 1442 589 1468 τε
613 1423 722 1480 ὑπὲρ
749 1431 827 1479 γῆς
857 1424 928 1467 καὶ
960 1425 982 1467 ὁ
1015 1426 1197 1480 συνεχὴς
1227 1424 1311 1468 ὑπὸ
1343 1432 1427 1480 γῆν

98 1494 192 1540 ἴσος
212 1493 423 1546 φαίνεται.
450 1489 512 1532 ἔτι
532 1488 580 1532 δὲ
600 1490 621 1532 ὁ
642 1495 719 1531 τοῦ
739 1490 951 1543 γάλακτος
969 1490 1126 1539 κύκλος
1144 1488 1215 1531 καὶ
1235 1489 1257 1531 ὁ
1279 1491 1428 1546 ζῳδια-

97 1555 172 1605 κὸς
207 1554 325 1605 λοξοὶ
359 1557 481 1604 ὄντες
513 1555 623 1610 πρὸς
661 1556 764 1603 τοὺς
803 1555 1105 1608 παραλλήλους
1137 1554 1324 1603 κύκλους
1357 1554 1428 1595 καὶ

96 1619 324 1672 τέμνοντες
348 1619 561 1673 ἀλλήλους
587 1618 633 1660 ἐν
659 1624 710 1673 τῇ
735 1623 958 1674 περιφορᾷ.
978 1617 1042 1659 ἀεὶ
1067 1617 1298 1671 ἡμικύκλια
1317 1617 1426 1672 ὑπὲρ

97 1689 174 1737 γῆς
199 1682 371 1739 ἔχοντες
396 1686 640 1739 φαίνονται.

156 1748 228 1789 διὰ
261 1748 313 1802 δὴ
346 1749 398 1790 τὰ
428 1746 717 1802 προειρημένα
756 1745 895 1787 πάντα
927 1745 949 1787 ὁ
981 1747 1140 1800 κόσμος
1174 1745 1424 1787 ὑποκείσθω

98 1812 394 1867 σφαιροειδής·
422 1812 506 1855 εἴτε
531 1811 612 1866 γὰρ
638 1808 693 1864 ἦν
719 1809 1048 1863 κυλινδροειὸὴς
1067 1808 1092 1862 ἢ
1111 1810 1358 1863 κωνοειὸής,
1385 1809 1426 1851 οἱ

156 1913 186 1943 2.
219 1910 296 1954 γῆς]
323 1914 391 1954 γῆν
416 1908 464 1951 v',
491 1909 578 1943 ibam
605 1908 668 1942 lin.
690 1911 710 1942 3
737 1909 856 1951 (ἰωὴ).
949 1910 980 1940 3.
1012 1911 1078 1950 γῆς
1096 1906 1209 1951 (εθο.)]
1235 1911 1303 1951 γῆν
1323 1905 1425 1947 vat„

96 1955 179 1990 add.
199 1967 246 1989 m.
268 1959 287 1990 2
312 1955 388 1999 τήν.
457 1960 487 1990 4.
515 1953 644 1999 μείζων
668 1967 699 1989 v,
751 1954 889 1999 ἔγγειον
908 1952 1007 1994 VLl,
1041 1954 1082 1986 ut
1104 1951 1168 1986 lin.
1184 1957 1214 1987 ὃ.
1289 1955 1320 1987 8.
1347 1953 1422 1996 τῆς]

96 2002 161 2037 τόν
185 2013 215 2036 v.
264 2007 384 2047 τῆς-
400 2003 530 2047 φορᾶς]
558 2012 577 2035 e
602 2012 691 2036 corr.
719 2000 810 2042 vat„
835 1998 1095 2044 τήν-φοράν
1122 2000 1202 2034 cett.
1251 2000 1332 2043 γῆν]
1359 2003 1426 2044 γῆς

96 2048 188 2091 Vae„
214 2059 301 2083 corr.
322 2060 368 2082 m.
389 2052 420 2082 2.
471 2052 571 2083 8—9.
597 2047 643 2082 τὰ
668 2047 708 2082 δὲ
728 2047 788 2082 ἐπὶ
807 2052 878 2081 τῶν
897 2046 1096 2089 ἀπώτερον]
1124 2045 1162 2079 in
1181 2056 1251 2079 ras.
1271 2056 1318 2079 m.
1339 2048 1359 2078 2
1380 2043 1422 2078 V.

98 2098 150 2129 14.
186 2100 255 2140 γῆν
288 2096 382 2139 (pr.)]
418 2101 483 2140 γῆς
507 2095 585 2130 Vat.
702 2098 754 2128 15.
791 2090 1010 2137 ἰσημερηνόν
1035 2091 1136 2133 vat..
1170 2091 1258 2126 item
1293 2090 1357 2125 lin.
1379 2094 1422 2124 17

95 2140 332 2186 ἰσημερήνους
359 2152 446 2176 corr.
468 2153 514 2176 m.
537 2146 567 2175 2.
614 2140 705 2185 ἴσον]
732 2139 777 2182 v',
803 2139 890 2174 ἴσων
915 2140 994 2173 cett.
1069 2141 1122 2171 17.
1148 2138 1224 2182 γῆς]
1250 2142 1319 2182 γῆν
1343 2136 1428 2180 vv',

95 2188 182 2223 item
207 2187 269 2222 lin.
293 2191 346 2222 19.
373 2192 428 2223 21.
454 2192 508 2222 25.
559 2188 635 2233 γῆς]
661 2193 730 2232 γῆν
754 2185 830 2229 vv'‚
855 2186 896 2220 ut
918 2184 982 2219 lin.
1003 2188 1056 2227 ⁶21,
1077 2187 1132 2218 25.
1212 2187 1266 2218 20.
1293 2183 1424 2228 ὄντων]

96 2233 186 2269 ὄντα
210 2246 240 2269 V.
326 2234 412 2279 ἴσος]
447 2246 558 2279 supra
587 2233 688 2276 add„
723 2235 772 2280 τῷ
804 2229 1221 2278 συναμφοτέρῳὲκάστου
1252 2242 1299 2264 m.
1332 2234 1353 2264 2
1378 2228 1422 2272 V,

94 2280 133 2315 in
166 2282 264 2316 textu
298 2280 380 2316 hab.
416 2281 463 2314 Ll
494 2281 532 2316 v'
564 2281 660 2323 Vat.,
697 2284 770 2314 τῶν
806 2276 1021 2323 ἀμφοτέρων
1058 2275 1210 2312 ἑκάστου
1248 2276 1308 2312 1⁶oe
1344 2288 1376 2311 v.
