1494 2450
139 91 194 133 96
640 98 702 131 ΦΑ
707 98 945 132 ΙΝΟΜΕΝΑ
1492 110 1494 156 3

1488 158 1494 204 Η

196 200 520 254 γεγράφθωσαν
546 203 625 255 γὰρ
650 204 919 258 παράλληλοι
943 206 1109 259 κύκλοι,
1133 206 1237 248 καθ’
1253 204 1315 249 ὧν
1339 208 1460 264 φέρεε
1487 207 1494 260 Η

137 263 362 317 ταιτὰΚ,
390 267 445 317 Η,
474 268 533 319 Μ,
566 267 735 319 οὶΚΛ,
753 269 864 320 ΗΘ,
890 271 1010 310 ΜΝ·
1060 271 1351 349 αὶάραΚΗ,
1378 274 1494 318 AG&

140 326 412 382 περιφέρειαι
449 333 536 371 ἴσαι
563 330 646 372 εἰσὶ
669 329 741 372 καὶ
769 335 866 373 ἴσον
890 331 1126 387 ἀπέχουσιν
1154 333 1237 376 ἀπὸ
1263 341 1338 390 τῆς
1361 347 1463 379 συνιι
1487 348 1494 397 μ

136 396 250 444 αφῆς
281 391 586 446 ὁποτερασοῦν.
635 395 705 436 καὶ
738 393 829 437 ἐπεὶ
854 395 903 438 ἐν
927 392 962 453 ᾧ
987 398 1012 451 ἡ
1038 399 1078 438 Λ
1087 400 1125 439 Θ
1148 397 1382 453 ἀνατέλλει,
1415 400 1461 443 ἐν
1487 413 1494 443 e

88 465 108 494 ὅ
135 455 273 512 τούτῳ
299 455 325 509 ἡ
352 458 451 498 ΚΗ
475 457 750 539 περιφέρειαΗ
759 460 902 514 δύνει,
936 460 1043 503 ἀλλὰ
1075 463 1161 515 μὴν
1190 462 1261 504 καὶ
1288 459 1390 505 ἐν
1360 480 1393 521 ῳ
1412 465 1459 509 τὸ
1487 466 1494 520 fij

138 521 174 559 Θ
211 518 452 574 ἀρξάμενον
489 520 571 563 ἀπὸ
607 528 684 563 τοῦ
710 522 750 570 Ξ
782 524 862 578 τὴν
893 523 1021 571 ΞΘΟ
1058 526 1378 581 διαπορεύεται,
1415 517 1494 578 gvi]

133 583 271 624 τούτω
303 584 374 625 καὶ
405 585 452 626 τὸ
471 587 520 626 Η
547 584 789 641 ἀρξάμενον
820 587 904 629 ἀπὸ
935 594 1013 630 τοῦ
1040 588 1079 636 Ξ
1106 592 1187 642 τὴν
1212 590 1341 636 ΞΘΟ
1371 593 1462 634 δια·
1488 604 1494 653 Η

132 648 375 702 πορεύεται,
407 648 429 690 ὁ
457 650 537 703 ἄρα
564 652 732 705 χρόνος,
764 651 812 694 ἐν
836 667 869 709 ςο
897 653 923 707 ἡ
948 655 988 694 Λ
998 655 1036 695 Θ
1060 652 1301 734 ἀνατέλλει,
1333 667 1460 710 προσ·
1487 662 1494 712 ἢ

133 712 366 765 λαμβάνων
389 714 468 754 τὸν
492 716 666 769 χρόνον,
693 715 740 757 ἐν
765 711 799 773 ᾦ
825 715 872 758 τὸ
897 719 933 758 Θ
959 715 1203 770 ἀρξάμενον
1227 718 1310 760 ἀπὸ
1331 725 1407 762 τοῦ
1427 719 1465 767 Ξ
1493 713 1494 718 ’

64 787 106 816 10
131 776 210 829 τὴν
229 775 361 823 ΞΘΟ
386 777 702 834 διαπορεύεται,
729 783 821 829 ἴσος
847 779 936 822 ἐστὶ
962 785 1022 837 τῷ
1049 783 1204 838 χρόνῳ,
1229 782 1276 824 ἐν
1301 778 1335 839 ᾦ
1357 783 1466 825 τὸΗ
1493 787 1494 795 ’

135 837 378 894 ἀρξαμενον
402 841 485 883 ἀπὸ
511 848 589 884 τοῦ
610 858 644 890 Η
617 844 744 897 Ξτὴν
766 844 886 890 ΞΗΟ
906 845 1222 899 διαπορεύεται,
1247 851 1462 902 προσλαμ-
1487 847 1494 888 ’ἒ

134 904 284 956 βάνων
303 903 382 947 τὸν
400 907 575 960 χρόνον,
600 905 649 948 ἐν
676 902 708 964 ᾧ
724 907 750 960 ἡ
767 910 857 949 ΗΚ
875 909 1010 950 δύνει.
1043 907 1134 951 ἀλλ’
1154 909 1177 950 ὁ
1196 908 1276 964 μὲν
1294 913 1490 966 χρόνος,
1487 915 1494 934 ³

131 962 226 1008 ἐν
197 984 230 1024 ῳ
245 968 270 1022 ἡ
293 971 375 1011 ΛΘ
391 969 631 1063 ἀνατέλλει,
656 973 948 1073 προσλαβὼν
939 973 1016 1015 τὸν
1035 974 1209 1028 χρόνον,
1236 974 1282 1016 ἐν
1302 970 1334 1031 ᾧ
1354 975 1402 1017 τὸ
1425 978 1467 1017 Θ
1492 1025 1494 1042 ÷

127 1110 296 1162 γίγνεται
328 1112 419 1163 μετὰ
443 1118 512 1152 τοῦ
537 1113 699 1165 χρόνου,
730 1110 773 1152 ἕν
800 1114 837 1184 ᾡ
854 1111 895 1154 τὸ
926 1116 959 1184 Θ
989 1114 1206 1168 ἀρξάμενον
1231 1114 1306 1156 ἀπὸ
1333 1123 1401 1157 τοῦ
1425 1119 1473 1156 A}

128 1168 199 1219 τὴν
217 1171 340 1208 ΛΡΘ
365 1170 611 1242 περιφέρειαν
636 1170 795 1211 διελθὸν
822 1169 885 1212 ἐπὶ
910 1171 951 1212 τὸ
975 1175 1007 1213 Θ
1026 1175 1310 1227 παραγίγνεται,
1336 1174 1355 1214 ὁ
1374 1175 1460 1228 χρό-
1492 1207 1494 1223 ,

128 1241 196 1273 νος
226 1224 366 1302 ἐστίν,ε
378 1225 422 1269 ἒν
446 1221 476 1284 ᾧ
497 1228 521 1280 ἡ
548 1231 632 1268 ΛΘ
662 1226 880 1277 ἐξαλλάσσει
911 1229 952 1270 τὸ
985 1229 1160 1284 φανερὸν
1191 1230 1466 1285 ἡμισφαίριον,
1487 1226 1494 1262 :¹

126 1285 319 1326 τουτέστιν
344 1285 368 1338 ἡ
395 1270 501 1326 ΚΗ·
551 1285 595 1327 ἒν
626 1288 656 1343 ᾧ
688 1287 762 1340 ἄρα
786 1288 910 1359 χρόνῳ
936 1306 959 1340 η
987 1292 1075 1328 ΚΗ
1103 1290 1327 1344 περιφέρεια
1351 1287 1459 1339 ἔξαλ-

81 1353 101 1382 5
126 1343 255 1383 λάσσει
279 1343 321 1385 τὸ
347 1343 520 1399 φανερὸν
545 1329 854 1399 ἡμισφαίριον,’
839 1362 883 1386 εν
907 1349 1029 1403 τούτῳ
1055 1348 1117 1387 καὶ
1144 1346 1168 1398 ἡ
1195 1351 1282 1388 ΗΔ.

183 1402 363 1454 εἰλήφθω
390 1404 438 1455 δή
464 1420 498 1443 τι
517 1409 678 1455 σημεῖον
702 1403 743 1443 τὸ
772 1408 834 1456 Μ,
860 1405 954 1445 ὥστε
981 1407 1069 1457 ἴσην
1093 1403 1192 1446 εἶναι
1219 1407 1288 1459 τὴν
1310 1410 1386 1446 ΗΔ
1411 1414 1457 1463 τῇ

124 1462 236 1510 AM,
266 1461 330 1501 καὶ
361 1461 454 1502 ἔστω
485 1460 579 1501 καθ’
609 1458 655 1502 οὗ
680 1462 842 1535 φέρεται
873 1460 914 1502 τό
939 1467 999 1502 Μ
1024 1468 1184 1515 σημεῖον
1215 1466 1459 1517 παράλληλος

124 1518 265 1566 κύκλος
291 1519 311 1560 6
337 1519 536 1563 ΜΞΝΟ·
587 1521 650 1572 ἴση
674 1520 748 1574 ἄρα
773 1517 877 1561 ἐστὶν
903 1520 926 1572 ἡ
953 1525 1051 1561 AM
1070 1528 1115 1578 τῇ
1145 1526 1244 1573 ΚΠ,
1275 1523 1341 1563 καὶ
1368 1525 1473 1564 ἴσον

125 1575 332 1650 ἀπέχουσιν
358 1579 402 1618 αῖ
422 1582 534 1630 AM,
555 1581 643 1618 KH
661 1583 730 1632 τῆς
754 1587 939 1632 συναφῆς
965 1587 1032 1620 τοῦ
1057 1585 1220 1634 θερινοῦ
1245 1589 1452 1635 τροπικοῦ“

58 1643 99 1674 10
124 1650 168 1673 εν
195 1652 224 1690 ῳ
249 1653 324 1687 αρα
349 1638 472 1693 χρόνῳ
492 1635 516 1688 ἡ
536 1640 634 1676 AM
648 1637 869 1691 περιφέρεια
888 1637 1090 1684 ἀνατέλλει,
1117 1636 1159 1678 ἒν
1170 1640 1300 1710 τούτῳ
1319 1638 1343 1691 ’ἡ
1365 1643 1448 1679 HK
1486 1663 1489 1678 s

123 1692 244 1744 δύνει,
269 1695 461 1736 τουτέστιν
486 1694 510 1746 ἡ
541 1697 627 1735 ΘΟ.
662 1692 743 1735 ἀλλ’
773 1695 792 1735 6
819 1695 888 1747 μὲν
913 1697 1062 1749 χρόνος,
1086 1693 1132 1736 έν
1157 1691 1187 1752 ᾧ
1214 1697 1283 1748 μὲν
1308 1696 1331 1748 ἡ
1358 1701 1455 1738 AM

122 1750 326 1802 ἀνατέλλει,
352 1753 372 1794 6
396 1755 532 1806 χρόνος
558 1750 713 1806 ἒστίν,’
699 1770 742 1794 εν
768 1755 797 1810 ᾡ
823 1752 863 1794 τὸ
891 1757 945 1793 Μ
965 1754 1179 1808 ἀρξάμενον
1204 1753 1280 1795 ἀπὸ
1306 1763 1374 1795 τοῦ
1401 1759 1453 1795 Μ

123 1808 193 1860 τὴν
220 1811 312 1855 ΜΞ
335 1811 581 1884 περιφέρειαν
612 1811 772 1852 διελθὸν
803 1809 866 1852 ε’πὶ
896 1811 938 1852 τὸ
965 1826 995 1855 Η
971 1811 1171 1883 Ηπαραγί
1194 1825 1318 1854 νεται
1363 1813 1383 1853 6
1408 1813 1471 1854 δὲ

121 1868 272 1922 χρόνος,
302 1868 346 1910 έν
370 1865 401 1927 ᾧ
423 1869 447 1922 ἡ
478 1872 554 1910 ΘΟ
579 1871 698 1920 δύνει,
730 1869 749 1909 6
775 1871 911 1924 χρόνος
935 1867 1053 1922 ἐστίν,
1083 1868 1126 1910 ἒν
1152 1887 1182 1928 φ
1205 1869 1246 1911 τὸ
1279 1874 1311 1911 Ο
1335 1871 1450 1926 ἀρξά-

54 1935 96 1966 15
123 1940 241 1977 μενον
272 1927 349 1968 ἀπὸ
381 1935 449 1969 τοῦ
481 1932 526 1968 Ν
554 1929 626 1981 τὴν
658 1932 701 1968 Ν
710 1931 742 1968 Ο
774 1928 1020 1999 περιφέρειαν
1056 1913 1216 1969 διελθὸν
1247 1927 1311 1970 ἐπὶ
1342 1929 1383 1970 τὸ
1421 1933 1454 1970 Ο
1486 1968 1488 1981 ,2

120 1988 415 2040 παραγίγνεται·
455 1987 474 2027 6
499 1986 574 2039 ἂρα
599 1987 746 2041 χρόνος,
771 1983 813 2026 ἕν
839 1980 868 2042 ᾧ
893 1985 935 2026 τὸ
962 1990 1017 2026 M
1036 1987 1253 2039 ἀρξάμενον
1277 1986 1353 2027 ἀπὸ
1379 1995 1448 2029 τοῦ

121 2044 171 2080 Μ
200 2045 271 2096 τὴν
298 2044 389 2088 ΜΞ
408 2045 658 2116 περιφέρειαν
691 2043 848 2085 διελθὸν
879 2042 941 2085 ἐπὶ
971 2043 1013 2085 τὸ
1039 2058 1070 2089 Η
1045 2044 1389 2099 Ξπαραγίγνεται,
1427 2046 1447 2086 ὁ

120 2100 235 2150 αυτός
265 2100 345 2143 ἔστι
374 2108 426 2158 τῷ
449 2104 591 2159 χρόνῳ,
622 2101 667 2143 ἐν
693 2098 722 2143 ὧ
748 2101 790 2143 τὸ
821 2106 853 2143 Ο
877 2103 1095 2157 ἀρξάμενον
1121 2102 1197 2143 ἀπὸ
1223 2110 1291 2144 τοῦ
1316 2107 1361 2144 Ν
1379 2104 1453 2156 τὴν

120 2161 163 2197 Ν
173 2163 205 2200 Ο
228 2144 476 2216 περιφέρέιαν
503 2159 661 2201 διελθὸν
686 2161 749 2201 επὶ
768 2159 810 2201 τὸ
834 2164 866 2200 Ο
885 2162 1144 2215 παραγίνεται.
1182 2159 1314 2210 κοινὸς
1332 2175 1453 2215 προσ-

49 2227 92 2256 ‘20
117 2221 263 2260 κείσθω
289 2220 309 2261 6
335 2220 490 2274 χρόνος,
522 2216 567 2259 ἕν
601 2213 630 2276 ᾧ
655 2218 696 2259 τὸ
724 2233 754 2262 Η
729 2219 996 2272 Ξάρξάμενον
1020 2218 1098 2259 ἀπὸ
1126 2226 1194 2260 τοῦ
1219 2219 1255 2263 Ξ
1273 2221 1345 2270 τὴν
1370 2219 1460 2263 ΞΝ

176 2342 209 2368 a.
237 2336 268 2367 2.
295 2331 346 2379 οι]
372 2342 475 2367 evan.
495 2333 533 2366 in
555 2333 595 2367 v.
634 2331 721 2378 ἄρα]
741 2343 858 2376 comp.
879 2331 901 2376 1,
928 2331 979 2367 en
1001 2332 1038 2367 L.
1089 2335 1120 2367 e.
1147 2333 1266 2379 5:60]
1289 2333 1396 2372 ,τοο
1421 2342 1444 2368 a
1485 2318 1488 2350 ²

1485 2364 1488 2384 Ι
