1456 2456
79 62 141 96 XL
561 60 920 96 PROLEGOMENA

141 165 253 200 etiam
277 166 315 200 in
339 166 447 200 rebus
473 166 723 211 grammaticis
748 165 845 199 mira*
866 166 1046 209 quaedam
1069 166 1107 200 in
1132 165 1257 201 libello
1282 178 1404 202 oecur-

81 219 176 253 runt.
219 218 257 253 in
281 218 328 252 iis
358 218 626 253 numerandum
650 220 722 260 est,
753 218 852 261 quod
881 218 1065 262 particula
1095 217 1168 262 ἄρα
1197 220 1253 253 ter
1278 221 1405 255 contra

80 282 187 304 usum
204 270 380 305 sermonis
394 270 524 305 Graeci
544 270 678 305 aetatis
691 269 890 304 Euclideae
908 269 1089 305 collocata
1107 272 1163 305 est
1174 270 1210 316 ¹),
1228 283 1263 315 p.
1274 274 1350 313 166,
1361 275 1404 306 26

79 322 198 366 primo
222 323 303 358 loco
327 323 440 357 totius
467 323 741 366 enuntiationis,
763 334 799 366 p.
816 325 893 365 168,
908 325 927 356 9
948 324 985 356 et
1004 326 1047 357 25
1072 322 1189 367 primo
1214 322 1294 358 loco
1317 334 1404 367 apo-

81 374 195 418 dosis3
227 375 258 409 si
283 385 393 419 quem
417 375 510 409 forte
534 374 677 416 iuverit,
705 384 910 418 perversam
935 373 1044 409 istam
1068 374 1270 418 particulae
1295 375 1406 410 collo·
1441 371 1449 380 ”

81 427 262 462 cationem
286 426 428 461 librarii
452 426 580 471 culpae
605 426 777 469 tribuere,
801 426 910 460 huius
935 426 1041 470 quasi
1065 427 1225 472 perfugii
1249 438 1308 462 me
1332 438 1404 462 non

79 479 231 515 habebit
263 479 412 514 socium.
456 479 589 514 deinde
620 478 784 513 offendor
813 482 948 523 p.172,
966 482 1007 512 27
1040 479 1201 522 optativo
1233 491 1314 514 cum
1346 479 1405 523 ἄν,

80 542 188 575 quem
213 531 431 566 crediderim
463 531 744 565 adscribendum
775 541 852 565 esse
881 530 1040 566 auctoris
1063 531 1235 566 varietati
1260 532 1403 566 cuidam

78 583 317 627 libidinique,
346 593 440 627 quae
466 583 512 617 ab
537 582 690 617 Euclide
715 585 797 617 sunt
821 582 1085 626 alienissimae3
1116 583 1279 618 offendor
1303 584 1404 618 deni—

79 646 150 679 que
175 648 210 680 p.
228 639 304 678 176,
319 639 362 670 23
387 634 572 679 particula
597 634 644 670 ἄν
670 636 707 670 et
730 646 764 679 p.
782 638 859 677 180,
873 639 916 669 22
943 635 1183 671 collocatione
1208 638 1303 680 part.
1326 636 1402 681 μέν.

80 687 143 722 sed
174 687 366 722 redeamus
395 686 443 720 ad
469 687 607 720 Ianum.
652 686 807 721 alterum
838 690 1109 733 argumentum,
1141 700 1213 732 quo
1239 688 1403 723 Euclidis

79 739 337 774 auctoritatem
363 739 498 773 servari
518 738 608 781 vult,
633 739 887 774 testimonium
908 740 1030 775 adfert
1047 740 1252 785 Porphyrii,
1277 741 1341 784 qui
1365 741 1404 775 in

80 791 349 827 Commentario
381 791 419 825 in
451 791 648 826 Ptolemaei
677 791 899 827 Har-monica
930 793 987 827 ter
1019 793 1185 827 nominat
1214 793 1404 828 Euclidem

79 844 259 879 Sectionis
290 843 503 888 scriptorem
531 845 575 888 (v,
596 843 745 887 Wallis,
771 855 854 889 opp.
875 845 988 879 math.
1013 857 1048 889 p.
1069 848 1148 888 267,
1173 848 1253 888 269,
1278 845 1403 890 272>.²)

79 897 143 931 sed
170 907 215 931 ne
245 897 314 931 hoc
340 896 488 940 quidem
514 898 770 940 argumentum
795 897 1050 942 gravissimum
1075 899 1139 931 est.
1183 898 1315 933 iterum
1340 898 1403 932 ad—

78 949 154 983 fero
181 948 407 992 Catoptrica,
437 959 547 992 quae,
578 948 666 983 licet
691 959 713 983 a
738 948 865 984 Proclo
890 949 929 983 in
953 949 1117 984 Euclidis
1142 950 1288 994 scriptis
1313 951 1404 985 refe-

77 1002 221 1044 rantur,
253 1002 378 1036 tamen
409 1003 533 1035 nostra
564 1002 683 1036 aetate
713 1011 785 1035 non
816 1001 925 1036 facile
953 1002 1146 1046 quisquam
1170 1001 1315 1036 Euclidi
1341 1003 1403 1037 ad-

78 1053 268 1088 iudicabit.
303 1053 366 1087 sed
391 1055 475 1088 utut
500 1055 566 1096 est,
591 1053 719 1088 Ianum
745 1055 888 1089 constat
911 1054 1126 1089 acerrimum
1148 1065 1226 1090 esse
1251 1055 1405 1099 originis

78 1105 275 1139 Euclideae
301 1107 623 1150 propugnatorem.
661 1106 695 1140 ei
719 1116 803 1140 vero
829 1106 1032 1150 ceterisque
1052 1106 1213 1141 Euclidis
1237 1108 1404 1151 patronis

78 1157 306 1193 adversarius
332 1157 476 1191 exstitit
498 1157 662 1202 profecto
687 1157 787 1192 haud
813 1158 1113 1201 contemnendus,
1145 1158 1280 1193 Paulus
1309 1158 1402 1194 Tan-

77 1220 178 1254 nery,
203 1210 267 1254 qui
291 1209 383 1244 mihi
405 1209 548 1244 videtur
571 1209 667 1244 hanc
685 1220 830 1254 quoque
849 1211 1097 1255 quaestionem
1122 1212 1299 1246 tractasse
1318 1222 1403 1246 acu-

77 1261 225 1297 tissime.
258 1263 370 1306 atque
385 1262 441 1296 vir
460 1261 692 1297 doctissimus
712 1262 845 1297 statuit
857 1261 1041 1307 (Comptes
1057 1263 1190 1297 rendus
1205 1263 1268 1298 des
1284 1264 1404 1298 seanc.

77 1315 122 1349 de
146 1314 284 1349 l’Acad.
312 1314 375 1348 des
401 1314 508 1349 inscr.
535 1316 570 1348 et
596 1313 711 1348 belles
735 1314 831 1349 lettr.
856 1318 945 1349 1904
969 1326 1004 1359 p.
1019 1318 1086 1348 439
1101 1317 1208 1359 sqq.)‚
1239 1315 1404 1360 proposi-

76 1367 195 1401 tiones
215 1366 296 1400 XIX
320 1367 357 1400 et
381 1366 456 1409 XX,
483 1377 577 1410 quae
602 1367 641 1400 in
667 1366 852 1402 diatonico
878 1377 1013 1412 genere
1037 1368 1236 1409 versantur,
1262 1370 1402 1402 contra—

75 1419 149 1454 rias
174 1430 251 1453 esse
271 1419 428 1453 duarum
452 1418 744 1463 propositionum
768 1418 1026 1464 proximarum,
1051 1429 1144 1462 quae
1169 1419 1318 1463 quidem
1340 1431 1402 1464 ge-

75 1471 172 1506 neris
192 1472 314 1506 essent
332 1470 571 1513 enharmonii,
594 1472 631 1505 et
649 1470 735 1506 inde
755 1471 908 1516 colligit,
933 1471 1015 1506 illas
1035 1471 1236 1515 posteriore
1255 1472 1402 1507 additas

77 1534 156 1559 esse
171 1525 303 1558 aetate.
330 1523 551 1558 contrarium
563 1522 656 1557 illud
671 1534 748 1558 esse
761 1534 834 1558 non
847 1523 984 1558 infitior
997 1525 1108 1567 atque
1126 1523 1195 1558 hoc
1211 1534 1401 1569 argumen—

75 1577 154 1610 tum
179 1575 285 1610 avide
311 1575 463 1619 arripio;
487 1586 613 1610 verum
639 1575 737 1619 quod
763 1575 930 1620 Tannery
950 1577 1082 1618 censet,
1108 1575 1245 1620 priores
1265 1576 1402 1611 duode-

75 1627 209 1674 viginti
228 1627 407 1662 Sectionis
427 1627 691 1672 propositiones
714 1629 799 1662 ante
817 1627 982 1663 Euclidis
1002 1629 1162 1663 aetatem
1182 1629 1401 1673 compositas

136 1745 170 1787 1)
194 1744 248 1778 De
273 1744 330 1778 his
354 1744 444 1779 locis
468 1756 498 1779 v.
519 1745 603 1789 adp.
624 1743 716 1787 crit,
743 1744 788 1779 de
806 1745 899 1788 part.
921 1744 994 1788 ἄρα
1018 1744 1280 1789 posterioribus
1300 1746 1400 1783 aeta·

75 1791 175 1825 tibus
191 1790 296 1825 initio
314 1790 494 1825 collocata
506 1790 854 1834 Blass-Debrunner,
869 1790 1026 1826 Gramm.
1042 1791 1076 1825 d.
1090 1792 1246 1825 neutest.
1257 1790 1398 1826 Griech.

125 1840 192 1871 263
208 1848 223 1871 s

75 1849 110 1882 p
134 1885 168 1927 2)
194 1849 295 1925 Qssae
322 1883 417 1919 ratio
442 1883 649 1918 intercedat
679 1884 774 1918 inter
799 1883 1022 1926 Sectionem,
1053 1883 1173 1927 qualis
1203 1883 1242 1917 in
1266 1884 1402 1918 nostris

75 1929 263 1964 codicibus
288 1930 426 1964 tradita
450 1932 516 1972 est,
542 1931 579 1964 et
603 1929 821 1974 exemplum,
847 1941 891 1965 ex
915 1940 987 1974 quo
1009 1929 1231 1974 Porphyrius
1256 1931 1398 1975 partem

75 1976 193 2011 libelli
225 1976 466 2021 deprompsit,
502 1978 540 2011 et
570 1987 664 2020 quae
698 1976 972 2012 emendationes
1003 1975 1204 2021 Porphyrio
1234 1976 1305 2020 ipsi
1338 1976 1400 2011 de-

75 2023 240 2065 beantur,
265 2034 338 2057 non
362 2023 462 2067 prius
487 2024 610 2066 potest
634 2023 790 2058 discerni
816 2034 859 2058 ac
884 2022 1051 2066 iudicari,
1076 2033 1186 2067 quam
1211 2022 1398 2057 codicibus

75 2069 220 2105 collatis
251 2069 349 2104 iusta
379 2069 541 2104 editione
567 2069 847 2104 fundamentum
871 2070 1013 2104 firmum
1037 2050 1174 2104 iactum
1200 2068 1256 2103 sit
1298 2069 1398 2113 equi-

75 2116 159 2151 dem
177 2114 301 2151 codice
323 2115 461 2150 Monac.
478 2115 536 2151 Gr
552 2119 629 2157 385,
656 2127 765 2159 quem
789 2126 906 2161 nuper
924 2115 1073 2158 contuli.
1098 2116 1198 2150 nisus
1222 2125 1299 2150 rem
1317 2125 1397 2159 per-

75 2162 179 2207 sequi
202 2172 276 2197 non
296 2162 430 2203 ausim·
456 2162 495 2196 id
514 2162 675 2206 profiteri
698 2174 771 2197 non
789 2173 924 2206 vereor,
948 2164 987 2197 in
1006 2162 1198 2216 Porphyrii
1217 2163 1396 2206 excerpto,

75 2208 184 2254 quale
209 2209 308 2253 apud
333 2174 544 2242 Wallisium
568 2208 714 2253 legitur,
740 2220 812 2244 non
837 2220 955 2254 pauca
977 2208 1140 2254 reperiri,
1165 2219 1260 2253 quae
1285 2208 1402 2253 digna

75 2257 172 2291 certe
196 2265 269 2290 non
294 2256 379 2290 sunt
403 2254 572 2297 Euclide3
598 2266 628 2289 v.
649 2236 746 2290 insi-a
770 2267 803 2299 p.
818 2255 973 2291 XLVIII.
