1456 2456
529 92 870 129 PRAENOMENA
1351 95 1374 135 7

27 209 99 250 aut
123 205 218 248 coni
244 205 425 247 formam
450 203 646 258 haberet,
678 216 750 244 eae
782 203 948 256 stellae,
979 216 1086 257 quae
1119 201 1164 243 in
1190 201 1377 256 obliquis

28 275 71 315 et
87 269 438 326 aequinoctialem
464 267 664 310 bifariam
684 267 928 310 secantibus
948 267 1118 309 circulis
1139 271 1378 324 sumuntur,

27 337 72 380 in
89 337 362 380 conversione
374 349 461 377 non
475 334 729 389 adparerent
743 334 788 375 in
801 332 1053 387 aequalibus
1068 347 1234 388 semper
1254 334 1378 375 semi-

27 402 192 446 circulis
204 401 380 456 moveri,
400 401 472 443 sed
485 400 611 442 modo
633 399 678 441 in
691 399 850 441 maiore
871 398 1129 441 semicirculi
1143 403 1378 455 segmento,

26 467 149 511 modo
186 467 232 509 in
268 466 445 509 minore.
495 480 595 507 nam
633 465 669 507 si
709 478 841 506 conus
880 467 954 506 aut
993 463 1211 519 cylindrus
1246 465 1376 520 plano

27 536 188 576 secatur
221 532 314 574 basi
349 545 435 574 non
471 530 690 586 parallelo,
725 530 858 572 sectio
894 532 959 571 est
991 530 1087 572 coni
1113 530 1378 586 acutianguli

27 598 170 650 sectio,
202 611 309 653 quae
335 597 472 652 clipeo
500 595 652 638 similis
679 598 744 637 est
778 595 996 651 [Apollon.
1026 595 1127 638 Con.
1155 595 1186 650 I,
1212 595 1258 652 93
1290 594 1377 638 Ser.

27 663 79 707 de
100 666 200 706 rect.
226 662 306 717 cyl.
334 662 394 718 9].
446 661 723 703 manifestum
751 661 900 716 igitur,
935 662 1064 704 talem
1092 662 1275 717 figuram
1302 677 1378 717 per

26 729 209 772 medium
244 730 403 770 sectam
438 730 481 769 et
513 726 783 783 longitudine
818 729 861 768 et
892 726 1120 768 latitudine
1153 727 1378 769 dissimilia

27 796 245 851 segmenta
277 793 451 836 efficere.
502 792 778 835 manifestum
805 794 947 834 autem
955 826 967 847 ,
998 807 1108 847 eam,
1140 794 1308 835 etiamsi
1334 794 1377 835 in

26 859 285 903 sectionibus
324 858 511 914 obliquis
550 873 625 914 per
662 857 851 899 medium
883 860 1071 913 secetur,
1109 858 1170 901 sic
1208 874 1378 915 quoque

27 928 243 983 segmenta
270 924 495 967 dissimilia
521 924 700 978 efficere,
726 923 769 965 id
797 924 911 979 quod
937 924 982 966 in
1000 924 1159 966 mundo
1179 939 1266 967 non
1286 925 1377 968 fieri

27 991 209 1046 adparet.
259 991 404 1046 itaque
435 992 612 1046 propter
643 989 747 1031 haec
780 990 923 1031 omnia
955 990 1139 1032 mundus
1173 990 1378 1046 sphaerae

26 1056 207 1099 formam
242 1056 372 1098 habet
407 1059 449 1097 et
487 1054 770 1110 aequabiliter
800 1055 912 1097 circa
947 1070 1069 1097 axem
1102 1057 1378 1112 convertitur,

27 1122 144 1165 cuius
171 1123 278 1164 alter
302 1121 428 1177 polus
456 1135 585 1176 super
610 1123 768 1162 terram
791 1123 855 1162 est
877 1122 1144 1176 conspicuus,
1170 1121 1278 1164 alter
1298 1123 1376 1164 sub

26 1189 138 1230 terra
162 1182 364 1230 occultus.

83 1252 259 1295 horizon
285 1255 426 1295 autem
454 1255 633 1295 vocetur
658 1252 835 1307 planum
861 1268 937 1308 per
957 1254 1095 1295 visum
1116 1256 1312 1296 nostrum
1333 1255 1377 1296 in

26 1318 228 1360 mundum
255 1318 445 1361 incidens
471 1321 514 1360 et
539 1318 583 1360 id
609 1320 890 1374 segmentum,
926 1319 1042 1374 quod
1068 1334 1196 1374 super
1220 1323 1376 1362 terram

29 1385 298 1439 conspicitur,
336 1384 641 1439 determinans3
679 1386 743 1425 est
781 1385 923 1426 autem
963 1385 1164 1439 circulus;
1202 1401 1301 1428 nam
1340 1387 1376 1427 si

27 1448 204 1504 sphaera
228 1449 356 1505 plano
378 1452 558 1504 secatur,
584 1449 715 1491 sectio
737 1449 920 1491 circulus
942 1452 1005 1492 est
1028 1449 1255 1505 [Theodos.
1270 1449 1303 1506 I,
1320 1451 1376 1507 1].

83 1515 340 1557 meridianus
372 1517 514 1557 autem
550 1516 583 1557 is
616 1515 801 1556 circulus
828 1517 1020 1570 vocetur,
1052 1516 1126 1571 qui
1151 1531 1228 1571 per
1252 1516 1377 1571 polos

27 1580 227 1635 sphaerae
258 1581 412 1622 transit
445 1583 488 1623 et
518 1580 883 1636 perpendicularis
916 1583 982 1623 est
1013 1581 1066 1622 ad
1096 1581 1376 1624 horizontem.

83 1646 239 1702 tropici
271 1647 476 1696 autem-ii
510 1646 658 1688 circuli
690 1648 908 1701 vocentur,
941 1661 1046 1699 quos
1073 1647 1270 1703 circulus,
1303 1647 1376 1703 qui

27 1711 180 1753 transit
213 1726 289 1767 per
322 1712 462 1754 media
492 1712 655 1754 zodiaci
687 1712 821 1768 signa,
855 1712 997 1767 tangit
1030 1715 1072 1754 et
1104 1713 1179 1767 qui
1205 1713 1375 1755 eosdem

26 1776 146 1831 polos
170 1777 343 1831 habent,
368 1792 475 1832 quos
501 1777 691 1832 sphaera.

85 1841 265 1885 circulus
297 1845 451 1898 autem,
487 1844 560 1898 qui
592 1858 670 1898 per
700 1843 838 1885 media
869 1844 1031 1886 zodiaci
1063 1845 1185 1901 signa
1210 1846 1376 1900 transit,

27 1909 68 1948 et
102 1907 426 1963 aequinoctialis
460 1908 634 1950 maximi
672 1908 818 1951 circuli
854 1911 955 1950 sunt
990 1909 1064 1965 [ib.
1090 1909 1123 1966 I,
1146 1910 1238 1967 12];
1275 1926 1375 1953 nam

27 1970 222 2014 bifariam
259 1973 371 2015 inter
409 1988 453 2015 se
488 1976 644 2017 secant.
694 1974 954 2030 principium
989 1976 1103 2017 enim
1138 1974 1298 2018 Arietis
1334 1980 1376 2018 et

26 2037 283 2094 principium
316 2038 470 2081 Librae
509 2039 628 2081 iuxta
666 2039 921 2082 diametrum
953 2041 1151 2096 opposita
1184 2045 1295 2096 sunt,
1334 2045 1376 2083 et

27 2116 122 2145 cum
153 2104 198 2145 in
229 2097 531 2159 aequinoctiali
563 2106 659 2161 sint,
692 2106 917 2162 coniugate
950 2109 993 2147 et
1018 2107 1216 2149 oriuntur
1241 2110 1284 2149 et
1310 2121 1375 2149 oc-

27 2168 172 2210 cidunt
196 2168 404 2211 habentes
429 2172 541 2212 inter
567 2185 612 2212 se
632 2186 684 2213 ex
704 2171 924 2213 duodecim
949 2172 1111 2213 zodiaci
1134 2172 1269 2228 signis
1291 2188 1376 2226 sex,

26 2254 138 2289 supra
161 2255 207 2279 m.
235 2248 255 2278 2
282 2244 339 2280 Vl.
378 2245 474 2281 ἔστιν
499 2246 582 2281 Vah.
620 2245 706 2292 γάρ]
733 2245 776 2281 δέ
800 2258 832 2282 v.
884 2251 939 2282 20.
967 2247 1092 2291 ὀρθῶς
1117 2248 1169 2282 Ll.
1228 2252 1283 2283 27.
1311 2249 1375 2283 δύ-

25 2301 154 2326 νουσιν
180 2291 261 2327 Vat.
359 2293 494 2339 αὐτῶν]
528 2304 641 2338 supra
667 2305 733 2328 scr.
759 2299 832 2330 τῶν
859 2295 983 2341 ἀρχῶν
1007 2307 1056 2330 m.
1083 2300 1103 2329 2
1131 2295 1164 2330 V
1190 2298 1227 2330 et
1251 2296 1374 2331 deleto

26 2338 148 2374 αὐτῶν
171 2351 219 2374 m.
247 2343 267 2373 2
292 2339 377 2374 Vat.
487 2344 542 2375 28.
569 2346 635 2376 τοῦ
661 2342 861 2389 ζῳδιακοῦ]
889 2353 958 2377 om.
986 2343 1069 2377 Vat.
1121 2342 1173 2389 ἕξ]
1201 2343 1238 2386 ἓξ
1264 2343 1375 2391 ζῴδια

27 2384 109 2420 Vat.
158 2392 222 2421 τοῦ
248 2387 306 2433 δέ]
332 2398 422 2423 corr.
449 2399 493 2422 ex
518 2388 582 2423 καὶ
607 2394 672 2423 τοῦ
700 2389 742 2423 V.
