1456 2456
555 67 922 104 PROLEGOMENA
1262 68 1415 103 XXXIX

64 177 288 223 conspirent.
331 177 387 211 ita
418 176 535 221 Neap.
563 175 614 210 III
639 176 666 211 C
687 180 725 218 2,
756 175 906 210 Barber.
926 175 959 210 11
981 178 1027 211 86
1060 177 1105 221 (v.
1131 175 1202 210 Jan
1234 174 1329 210 Mus.
1356 175 1417 211 Gr.

63 244 98 277 p.
118 230 291 276 LXXIX),
313 229 398 265 Vat.
420 233 487 264 221
509 231 555 274 (v.
576 229 626 264 ib.
650 242 685 275 p.
703 232 770 264 170
790 229 881 274 not.)
907 228 1079 263 libellum
1105 228 1274 264 Cleonidi
1299 228 1417 263 tribu-

64 287 132 320 unt
155 284 263 329 eique
294 283 485 329 proprium
515 282 669 318 titulum
695 282 905 317 inscribunt
932 282 1032 326 ‘ansol
1057 280 1255 328 φθόγγων’
1283 283 1416 328 (Neap.

63 338 103 374 in
126 339 226 383 mg).
267 339 380 382 atque
403 337 543 372 Bonon.
564 336 659 371 Bibl.
679 336 743 371 Un.
765 339 858 370 2432
884 339 928 382 (v.
951 335 1115 381 Olivieri,
1143 336 1251 372 Studi
1276 336 1356 372 ital.
1378 337 1417 371 di

20 383 24 388 ¹
63 391 112 426 fil.
133 390 240 427 class.
261 390 311 425 III
334 402 371 436 p.
385 394 452 425 407
463 392 531 435 sq.)
558 392 596 425 et
621 389 793 425 Riccard.
812 393 856 424 41
878 391 924 435 (V.
941 389 1082 433 Vitelli,
1103 390 1212 425 studi
1230 390 1265 425 11
1283 402 1319 436 p.
1334 393 1416 435 498)

62 443 380 479 Introductionem
406 445 444 479 et
468 443 680 479 Sectionem
711 442 767 478 ita
795 442 1042 489 coniungunt,
1074 444 1118 478 ut
1141 443 1313 480 videatur
1337 455 1417 479 esse

63 509 177 532 unum
208 508 301 542 opus
332 497 445 541 idque
474 496 644 532 Cleonidi
674 496 731 531 illi
764 496 998 531 attributum.
1043 497 1237 541 praeterea
1267 497 1308 531 in
1337 497 1417 532 cod.

65 550 196 597 Regin.
213 554 280 585 108
305 550 438 585 titulus
465 551 536 586 est:
563 549 752 595 Anonymi
777 547 939 590 κανόνος
963 549 1165 595 κατατομή.

63 623 65 625 -
122 604 187 640 sed.
207 604 401 639 doctorum
420 613 568 648 quoque
586 603 748 638 virorum
769 602 978 638 sententiae
998 602 1043 637 de
1064 604 1215 638 auctore
1235 603 1418 639 Sectionis

62 657 187 692 variae
216 659 303 693 sunt
328 659 366 693 et
391 657 657 701 discrepantes,
702 667 746 692 ac
770 656 912 702 primus
938 655 1107 701 quidem,
1139 658 1322 700 quantum
1348 668 1418 703 ego

62 711 188 755 video,
221 710 429 747 Sectionem
456 710 605 745 Euclidi
635 709 867 745 abiudicavit
892 708 1110 753 Gregorius,
1143 710 1207 754 qui
1239 710 1279 745 in
1310 722 1418 756 prae-

62 764 205 800 fatione
236 765 285 799 ad
314 764 508 799 Euclidem
535 764 613 799 ‘hic
637 764 851 807 tractatus’,
882 763 1022 808 inquit,
1052 763 1170 799 ‘nullo
1195 764 1306 799 modo
1333 775 1419 799 cen-

63 817 136 852 seri
160 818 286 863 potest
310 817 357 852 ab
377 817 533 852 Euclide
559 817 732 862 scriptus,
759 828 842 852 cum
861 816 955 851 haec
975 817 1098 852 Sectio
1117 828 1191 852 non
1211 817 1284 852 nisi
1306 818 1418 864 longo

11 906 14 907 γ
62 873 148 917 post
172 871 366 919 Euclidem
397 873 564 916 tempore
595 870 758 916 primum
784 870 991 906 innotuerit
1018 871 1195 915 nullaque
1221 871 1332 907 huius
1359 884 1418 907 ex-

11 967 15 977 *
62 926 165 960 stent
188 925 349 970 vestigia
374 925 414 959 in
439 936 628 969 quoquam
654 924 832 968 scriptore
858 924 1000 959 musico
1026 925 1140 970 (quod
1167 925 1327 971 scimus),
1354 926 1419 971 qui

64 978 113 1013 sit
138 978 328 1022 antiquior
354 978 596 1014 Ptolemaeo'.
635 979 766 1013 contra
791 977 956 1022 Heiberg
980 978 1308 1024 (Literaturgesch.
1333 979 1419 1014 Stu-

63 1031 150 1066 dien
182 1032 243 1066 fib.
270 1031 404 1067 Euclid
432 1044 468 1077 p.
490 1036 534 1067 52
550 1034 619 1077 sq.)
651 1032 689 1067 et
720 1031 907 1066 Susemihl
933 1031 1078 1077 (Gesch.
1100 1033 1133 1066 d.
1155 1032 1293 1078 griech.
1315 1033 1383 1068 Lit.
1404 1033 1420 1067 I

63 1087 191 1131 p.717)
209 1085 358 1120 Euclidi
378 1086 457 1121 sine
476 1085 555 1121 ulla
575 1085 812 1120 dubitatione
831 1085 1004 1120 libellum
1023 1085 1315 1121 adiudicandum
1336 1097 1419 1121 cen-

64 1141 158 1174 sent.
194 1138 391 1183 Westphal
418 1141 542 1174 autem
568 1139 967 1184 (Metr.d.G1-iech.111
985 1151 1020 1184 p.
1037 1140 1120 1186 232)
1146 1139 1251 1183 dicit,
1278 1139 1419 1175 Sectio-

63 1202 166 1236 nem,
198 1191 287 1228 licet
319 1193 385 1227 alii
417 1193 561 1228 auctori
594 1192 791 1236 debeatur,
823 1193 951 1228 tamen
979 1204 1123 1229 summo
1151 1193 1419 1230 mathematico

64 1256 303 1290 nequaquam
328 1257 408 1282 esse
436 1246 631 1291 indignam
658 1247 696 1281 et
721 1245 858 1281 Caesar
884 1245 1058 1291 (Grundz.
1080 1246 1115 1281 d.
1135 1259 1189 1292 gr.
1210 1246 1420 1291 Rhythmik

62 1311 99 1345 p.
117 1301 174 1343 28)
201 1310 284 1335 eam
310 1300 483 1335 adfirmat
507 1300 648 1335 maiore
673 1299 943 1345 probabilitate
962 1298 1113 1334 Euclidi
1133 1300 1421 1335 adscribendam

64 1363 145 1388 esse
174 1363 286 1397 quam
312 1353 631 1389 Introductionem
660 1353 927 1389 harmonicam.
966 1353 1212 1390 disertissime
1237 1365 1322 1389 vero
1348 1354 1422 1389 Eu-

63 1405 174 1440 clidis
207 1406 470 1442 auctoritatem
503 1407 674 1443 defendit
702 1406 854 1442 Carolus
879 1406 952 1441 Jan
977 1407 1086 1452 (Mus.
1108 1406 1170 1442 Gr.
1190 1419 1226 1453 p.
1244 1411 1310 1442 115
1325 1410 1420 1453 sqq.)

65 1472 109 1496 ac
129 1461 273 1497 duobus
293 1461 454 1496 maxime
473 1461 608 1496 nititur
628 1460 869 1507 argumentis.
903 1460 1067 1505 primum
1091 1460 1208 1507 igitur
1227 1461 1267 1496 in
1292 1462 1420 1497 libello

19 1515 22 1518 '
64 1515 121 1550 ait
151 1515 250 1550 idem
277 1526 357 1551 esse
383 1515 576 1561 cogitandi
602 1526 720 1560 genus
747 1515 860 1558 atque
886 1513 925 1548 in
951 1514 1179 1560 geometriae
1204 1514 1421 1560 Elementis,

66 1568 221 1604 eandem
252 1579 403 1613 prorsus
437 1568 638 1604 dictionem
673 1569 711 1604 et
737 1567 1111 1612 demonstrationem,
1144 1579 1218 1613 qua
1243 1580 1348 1605 orsus
1374 1568 1421 1605 ab

64 1622 155 1658 ἔστω
182 1623 220 1657 et
243 1620 460 1658 ὑποκείσθω
487 1623 618 1657 auctor
642 1622 823 1666 procedat
850 1632 917 1667 per
943 1622 1039 1667 φημὶ
1064 1621 1130 1666 δή,
1161 1624 1204 1657 ut
1227 1623 1422 1668 perveniat

65 1675 114 1710 ad
140 1675 215 1720 ἄρα
246 1675 342 1710 illud
368 1675 628 1711 conclusionis.
667 1677 707 1710 at
732 1675 830 1710 enim
855 1675 1021 1721 Heiberg
1046 1675 1216 1721 (Studien
1242 1688 1277 1721 p.
1293 1680 1336 1712 35
1352 1679 1420 1721 sq.)

0 1756 9 1769 .
65 1729 187 1764 Procli
213 1730 428 1765 testimonio
453 1730 556 1764 nisus
582 1729 878 1765 luculentissime
905 1729 1185 1773 demonstravit,
1210 1730 1422 1765 universam

64 1782 171 1817 illam
191 1783 472 1819 demonstrandi
494 1783 653 1818 formam
675 1783 752 1817 iam
772 1783 860 1818 ante
878 1782 1074 1817 Euclidem
1093 1782 1274 1818 usitatam
1293 1783 1420 1819 fuisse.

65 1836 193 1880 itaque
220 1847 265 1871 ex
289 1837 354 1880 iis,
387 1848 484 1882 quae
508 1837 573 1872 Ian
599 1837 646 1871 de
671 1836 743 1871 hac
767 1835 888 1870 forma
914 1835 1100 1880 disputat,
1130 1835 1352 1872 concludere
1377 1837 1421 1872 li-

66 1890 202 1933 cuerit,
235 1890 431 1926 Euclidem
463 1889 646 1926 Sectionis
679 1891 868 1925 auctorem
902 1900 981 1924 esse
1012 1900 1139 1934 posse;
1172 1891 1215 1924 ut
1250 1890 1315 1933 sit,
1348 1901 1422 1925 non

67 1943 250 1988 sequitur3
281 1955 350 1979 nec
375 1944 573 1989 quisquam
599 1942 830 1988 Catoptrica,
862 1953 958 1986 quae
983 1942 1078 1978 falso
1104 1942 1273 1978 feruntur
1297 1944 1421 1979 Eucli-

66 1995 124 2031 dis
154 1997 320 2041 nomine,
353 1997 518 2043 genuina
544 2008 623 2032 esse
649 1996 867 2039 arbitretur,
900 1996 990 2040 quia
1017 1996 1071 2031 ibi
1098 1997 1226 2032 eadem
1252 1997 1328 2032 fere
1354 1997 1422 2032 illa

68 2049 395 2086 demonstrationis
413 2050 475 2086 via
494 2050 682 2086 invenitur
701 2051 739 2085 et
758 2050 875 2085 oratio
895 2050 1135 2096 progreditur
1159 2061 1227 2096 per
1244 2050 1312 2086 illa
1332 2051 1420 2086 ἔστω

67 2103 106 2137 et
123 2101 338 2149 ὑποκείσθω
359 2105 397 2140 et
417 2103 513 2150 φημί
534 2104 594 2139 vel
617 2102 720 2150 λέγω.
759 2102 854 2138 illud
875 2114 1022 2148 quoque
1048 2104 1421 2139 animadvertendum

68 2157 134 2200 est,
154 2167 176 2191 a
191 2167 296 2203 prop.
309 2162 330 2192 3
347 2159 385 2193 et
402 2158 449 2193 ab
467 2157 637 2193 omnibus
653 2156 972 2203 propositionibus
988 2157 1077 2192 inde
1090 2168 1112 2192 a
1125 2168 1230 2202 prop.
1244 2161 1287 2192 10
1301 2159 1421 2192 trans-

67 2208 162 2244 itum
181 2210 229 2244 ad
249 2210 605 2246 demonstrationem
622 2212 736 2255 atque
752 2210 847 2246 illud
865 2208 960 2255 φημί
973 2210 1029 2246 vel
1043 2211 1133 2257 λέγω
1150 2211 1262 2256 plane
1280 2211 1420 2246 abesse.

67 2262 224 2308 accedit,
244 2263 344 2308 quod
363 2263 403 2298 in
416 2263 620 2299 Elementis
639 2263 755 2299 ullam
777 2264 1133 2300 demonstrationem
1153 2264 1292 2299 frustra
1310 2275 1421 2308 quae-

69 2315 209 2360 siveris,
235 2327 331 2361 quae
358 2316 491 2352 similis
518 2317 567 2352 sit
588 2316 704 2362 priori
727 2317 1037 2353 demonstrationi
1058 2317 1324 2363 propositionis
1343 2316 1421 2352 XII.
