1456 2456
529 52 834 89 PRAENOMEN
835 54 869 89 A
1327 55 1347 95 1
1355 55 1381 96 3

30 163 194 208 scindit.
242 177 388 205 rursus
421 165 464 204 et
489 161 649 205 circulo
682 162 856 205 zodiaco
882 165 1001 205 moto
1028 165 1072 205 et
1097 163 1268 218 dioptra
1293 163 1380 206 Leo

30 229 314 285 conspiciatur
339 228 480 270 oriens
506 228 551 270 in
576 230 738 282 puncto
766 230 813 270 Β.
847 221 992 283 itaque
1017 243 1093 283 per
1118 228 1293 270 eandem
1321 229 1382 270 di-

30 296 195 351 optram
221 293 437 349 Aquarius
464 293 754 348 conspicietur
779 293 995 349 occidens3
1022 294 1312 349 conspiciatur
1336 294 1381 336 in

0 351 1 400 ἶ
30 362 186 416 puncto
205 362 253 401 E.
287 361 328 401 et
348 358 549 414 quoniam
569 360 730 414 puncta
750 362 799 415 E,
818 363 873 415 Λ,
893 362 931 401 Β
952 373 1030 415 per
1049 359 1265 415 dioptram
1285 373 1382 401 con-

0 428 2 476 ζ
31 427 173 481 specta
192 426 302 479 sunt,
327 423 440 466 linea
459 439 536 479 per
555 427 606 479 E,
626 428 681 478 A,
702 428 739 466 B
767 424 894 467 ducta
919 427 1035 467 recta
1062 427 1137 468 est.
1171 425 1228 467 sit
1247 428 1381 467 EAB.

30 492 171 546 itaque
183 493 304 532 EAB
325 490 557 532 diametrus
578 493 621 531 et
640 489 844 545 sphaerae
864 492 1086 533 stellarum
1099 490 1381 533 inerrantium

30 558 72 600 et
90 556 234 598 circuli
255 555 416 598 zodiaci
437 558 513 597 est.
551 555 624 597 sed
644 555 984 598 demonstratum
1005 559 1080 610 est,
1108 555 1235 598 etiam
1256 558 1389 598 ΑΔΓ

30 621 279 665 diametrum
293 635 393 663 esse.
414 635 515 677 ergo
531 623 740 676 punctum
756 625 799 663 A
814 623 1008 663 centrum
1023 621 1227 676 sphaerae
1242 623 1380 664 stella·
1431 614 1434 618 ⁴

28 702 121 730 rum
153 686 434 729 inerrantium
469 689 551 741 est,
584 689 626 728 et
652 688 718 727 est
743 687 788 728 in
814 689 938 728 terra.
985 686 1184 729 similiter
1211 687 1382 729 demon-

30 753 274 808 strabimus,
307 753 605 808 quodcumque
637 755 843 807 punctum
878 752 919 793 in
955 755 1069 794 terra
1094 754 1306 807 sumatur,
1338 752 1380 794 id

28 818 174 862 mundi
201 821 391 860 centrum
420 832 522 860 esse.

85 898 185 940 ergo
211 885 324 926 terra
348 883 393 925 in
419 883 559 925 medio
586 883 746 924 mundo
773 885 838 926 est
864 886 906 925 et
931 883 984 925 ad
1010 884 1217 925 mundum
1245 884 1380 926 centri

29 949 169 993 locum
195 949 370 992 obtinet.

673 1031 728 1075 II.

87 1109 137 1153 In
161 1125 245 1152 una
270 1110 418 1152 mundi
439 1109 715 1152 conversione
736 1110 919 1152 circulus
939 1125 1016 1165 per
1034 1111 1158 1165 polos
1178 1110 1381 1166 sphaerae

32 1175 267 1231 descriptus
299 1175 351 1217 ad
384 1175 652 1217 horizontem
683 1175 751 1218 bis
783 1175 865 1218 erit
894 1175 1273 1231 perpendicularis,
1304 1176 1381 1218 cir-

30 1242 147 1284 culus
179 1243 321 1283 autem
351 1240 546 1283 zodiacus
573 1240 626 1282 ad
651 1241 933 1283 meridianum
960 1241 1026 1283 bis
1053 1241 1133 1283 erit
1159 1241 1382 1297 perpendi-

31 1306 195 1362 cularis,
225 1306 279 1348 ad
308 1306 575 1348 horizontem
609 1309 749 1348 autem
783 1321 1017 1362 nunquam,
1049 1307 1086 1348 si
1117 1306 1243 1362 polus
1268 1306 1383 1348 hori-

30 1373 166 1416 zontis
200 1372 312 1415 inter
346 1372 557 1414 aestivum
592 1372 806 1427 tropicum
844 1374 886 1414 et
919 1373 1069 1428 polum
1102 1372 1379 1428 conspicuum

31 1440 105 1481 est.
137 1438 224 1494 [sin
249 1440 391 1480 autem
417 1437 802 1493 polushorizontis
822 1438 867 1479 in
887 1438 1096 1480 alterutro
1116 1438 1380 1492 tropicorum

31 1506 104 1560 est,
135 1503 333 1546 zodiacus
367 1502 498 1545 semel
524 1503 577 1545 ad
602 1503 870 1545 horizontem
895 1502 1262 1558 perpendicularis
1289 1503 1381 1545 erit.

30 1569 98 1612 sin
132 1584 231 1612 vero
269 1568 395 1624 polus
431 1568 669 1611 horizontis
707 1568 820 1611 inter
858 1568 1041 1611 circulos
1079 1569 1267 1623 tropicos
1306 1571 1382 1623 est,

29 1633 226 1678 zodiacus
251 1634 318 1678 bis
345 1634 399 1676 ad
423 1634 691 1677 horizontem
717 1634 1081 1690 perpendicularis
1108 1635 1219 1690 erit]

87 1699 143 1742 sit
178 1700 361 1743 circulus
397 1699 577 1742 horizon
603 1702 744 1755 ΕΒΓ,
784 1703 827 1742 et
861 1701 1074 1742 maximus
1109 1699 1382 1755 circulorum,

30 1765 102 1820 qui
136 1780 302 1821 semper
339 1765 559 1822 conspicui
595 1767 715 1821 sunt,
753 1765 811 1807 sit
844 1767 951 1821 ΩΔ,
989 1765 1201 1807 maximus
1235 1768 1379 1807 autem

31 1843 187 1886 eorum,
224 1831 297 1886 qui
337 1845 505 1886 semper
542 1830 701 1873 occulti
739 1832 851 1886 sunt,
888 1831 944 1872 sit
974 1833 1076 1886 EZ,
1115 1833 1157 1872 et
1194 1830 1382 1873 aestivus

30 1896 219 1951 tropicus
239 1899 384 1952 ΗΘΚ,
408 1896 604 1938 hiemalis
625 1897 815 1952 tropicus
836 1898 989 1951 ΛΜΝ,
1014 1895 1212 1938 zodiacus
1238 1898 1380 1938 autem

29 1961 285 2016 positionem
314 1961 470 2004 habeat
495 1962 564 2004 vel
589 1964 638 2003 ut
658 1964 754 2017 KA,
781 1961 985 2017 sphaerae
1011 1964 1155 2004 autem
1180 1961 1271 2016 poli
1296 1961 1383 2003 sint

30 2029 187 2083 puncta
217 2026 270 2081 Ξ,
292 2030 347 2088 Ὀ.
405 2030 447 2069 01,
486 2026 750 2069 describatur
787 2026 840 2081 Ξ,
870 2030 906 2069 Ο
945 2027 1130 2070 circulus
1168 2027 1381 2068 maximus

33 2098 86 2141 18.
111 2096 287 2142 θερείνου
311 2097 408 2143 Vat„
434 2097 500 2133 sed
526 2108 617 2132 corr.
643 2109 691 2131 m.
719 2101 758 2140 23
784 2096 875 2132 item
901 2097 964 2132 lin.
986 2101 1042 2132 26.
1131 2101 1186 2132 19.
1213 2102 1382 2142 φανεροῦ

19 2141 161 2191 πόλου]
186 2155 298 2190 supra
323 2156 390 2180 scr.
417 2158 473 2190 γρ.
500 2144 565 2179 καὶ
583 2149 649 2180 τοῦ
671 2143 850 2189 ἀρκτίνου
869 2157 916 2180 111.
938 2148 958 2178 2
979 2144 1023 2180 V.
1073 2143 1140 2180 ἐάν
1160 2165 1206 2170 --
1226 2147 1282 2179 23.
1304 2142 1380 2187 ὁρί-

31 2191 152 2239 ζοντα]
178 2193 264 2238 post
288 2191 459 2238 Pappum
483 2191 728 2237 interpolata3
753 2204 786 2227 v.
813 2192 1091 2238 prolegomena.
1167 2195 1223 2227 20.
1250 2189 1380 2236 ὀρθός]

22 2237 155 2283 ’ὀρθῶς
177 2251 211 2275 v.
357 2243 413 2275 25.
441 2240 500 2275 ἀεὶ
525 2239 700 2286 ἀφανῶν]
727 2239 921 2285 ἀειφανων
946 2240 990 2284 V,
1016 2239 1082 2275 sed
1108 2250 1199 2275 corr.
1225 2251 1273 2274 m.
1301 2242 1333 2274 2.

32 2288 88 2325 28.
113 2285 202 2322 Post
225 2291 255 2323 A
281 2298 353 2323 ras.
382 2291 399 2322 1
426 2287 501 2323 litt.
527 2287 571 2323 V.
631 2290 686 2322 29.
712 2292 787 2323 τῶν
811 2288 857 2331 Ξ,
887 2288 935 2334 O]
959 2292 1026 2324 τοῦ
1052 2288 1088 2326 Ξ
1110 2287 1173 2322 καὶ
1201 2284 1284 2327 ἑνὸς
1307 2291 1382 2322 τῶν

31 2338 96 2370 τοῦ
122 2336 221 2370 ΕΒΓ
242 2335 380 2371 κύκλου
404 2333 531 2371 πόλων
556 2344 580 2371 8
605 2336 693 2381 (τῶν
718 2345 788 2370 om.
815 2337 874 2381 v.).
