1494 2450
50 780 91 810 10

50 1201 91 1231 15

47 1525 91 1555 20

48 1851 92 1881 25

120 91 206 132 274
635 91 933 129 FRAGMENTA

119 196 278 246 θέντος
301 203 381 239 τοῦ
399 201 441 239 Ε
463 198 526 248 εἰς
549 198 672 240 θέσει
695 199 771 249 τὰς
791 202 890 254 ΑΓ,
913 202 991 242 ΓΔ
1018 201 1186 255 διῆκται
1205 203 1266 253 εἰς
1284 206 1442 259 χωρίου

119 260 362 315 ἀποτομήν·
393 260 518 305 θέσει
543 262 626 314 ἄρα
651 261 769 305 ἐστὶν
793 263 819 317 ἡ
844 266 939 305 ΕΖ.
1462 283 1463 286 “

176 326 491 379 συντεθήσεται
521 325 571 367 δὲ
601 326 760 376 οὕτως·
797 325 905 369 ἔστω
936 329 985 370 τὸ
1010 329 1091 381 μὲν
1115 335 1167 385 τῇ
1191 329 1312 373 θέσει
1337 345 1442 387 παρ-

118 389 479 443 αλληλόγραμμον
503 390 552 432 τὸ
573 394 672 443 ΑΔ,
697 391 745 432 τὸ
773 389 819 432 δὲ
846 390 983 434 δοθὲν
1007 394 1054 434 τὸ
1075 395 1124 435 Ε.
1168 394 1336 448 διήχθω
1362 394 1443 437 ἀπὸ

118 457 195 493 τοῦ
221 454 262 493 Ε
292 454 353 502 εἰς
382 451 507 495 θέσει
536 455 611 503 τὰς
638 455 776 496 ΖΓΗ
804 455 956 497 εὐθεῖα
980 457 1007 510 ἡ
1032 459 1114 498 ΕΖ
1145 457 1444 510 ἀποτέμνουσα

118 517 280 569 χωρίον
315 517 363 558 τὸ
403 518 540 559 ΖΓΗ
572 516 671 560 ἴσον
708 518 886 561 δοθέντι
923 523 1064 576 χωρίῳ
1101 526 1161 577 τῷ
1197 522 1444 564 διπλασίονι

117 585 196 621 τοῦ
217 581 358 622 ΑΓΔ.
395 581 465 622 καὶ
490 582 598 623 κατὰ
621 583 674 623 τὰ
698 581 805 624 αὐτὰ
830 589 880 638 τῇ
906 583 1114 626 ἀναλύσει
1133 585 1329 638 δείξομεν
1348 586 1444 629 ἴσον
1473 591 1474 594 ’

118 644 165 684 τὸ
201 645 339 685 ΖΓΗ
368 647 587 699 τρίγωνον
615 649 672 702 τῷ
704 649 790 687 ΛΔ
825 649 1273 706 παραλληλογράμμῳ·
1310 651 1336 704 ἡ
1365 653 1443 692 ΕΖ
1492 649 1494 707 ᾗ

117 707 201 760 ἄρα
231 714 347 750 ποιεῖ
375 709 424 750 τὸ
456 711 692 764 πρόβλημα.
742 711 935 764 φανερὸν
966 708 1066 765 οὖν,
1097 712 1162 754 ὅτι
1191 715 1321 768 μόνη,
1354 713 1444 756 ἐπεὶ
1479 708 1494 766 ’ἕξ

117 770 293 826 κάκείνη
319 774 440 827 μόνη.
1479 770 1494 875 ³³}

478 902 632 943 Τόποι
657 903 784 957 πρὸς
809 902 1096 959 ἐπιφανείᾳ.

178 994 214 1034 7.
251 993 423 1049 Pappus
459 998 627 1048 Συναγ.
647 994 731 1037 VH
750 996 776 1037 3
811 1011 850 1051 p.
871 996 967 1051 636,
982 997 1036 1038 23
1071 995 1200 1053 (inter
1234 1012 1359 1052 opera
1392 999 1443 1039 ad
1486 958 1494 1052 Ξ

117 1058 252 1099 τόπον
270 1056 571 1112 ἀναλυόμενον
588 1060 843 1113 perfluentia
860 1061 954 1102 loco
974 1061 1204 1116 undecimo,
1225 1063 1296 1103 cfr.
1317 1063 1364 1103 fr.
1379 1062 1442 1118 5):
1483 1053 1494 1240 ἒ

118 1121 362 1164 Εὐκλείδου
398 1124 551 1164 Τόπων
581 1124 689 1178 πρὸς
704 1122 737 1180 l)
770 1123 999 1180 ἐπιφανεία
1029 1126 1121 1167 δύο.
1171 1127 1242 1168 cfr.
1269 1125 1443 1167 Studien

118 1185 220 1226 iiber
233 1185 393 1227 Euklid
411 1201 450 1240 p.
467 1186 630 1241 79sqq.‚
656 1187 840 1230 Zeuthen
861 1188 939 1230 Dio
951 1187 1085 1230 Lehre
1104 1204 1187 1230 von
1201 1190 1279 1231 den
1293 1190 1443 1245 Kegel—

117 1247 365 1291 schnitten
354 1265 410 1292 lm
435 1250 649 1293 Altertum
673 1266 712 1306 p.
731 1252 914 1307 423sqq.
1488 1271 1489 1274 ¹

176 1319 214 1360 8.
244 1319 416 1399 ΡοΡΡιιε
443 1323 608 1375 Συναγ.
621 1319 704 1362 VII
723 1321 808 1362 312
831 1336 871 1376 Ρ.
895 1322 1017 1373 1004,
1034 1323 1205 1377 lsssqq.:

175 1385 254 1433 Εἰς
277 1385 381 1434 τοὺς
404 1385 511 1439 πρὸς
535 1383 775 1440 ἐπιφανείᾳ.

176 1446 224 1489 α’.
261 1446 367 1490 Ἐὰν
399 1443 426 1503 ᾗ
461 1449 613 1490 εὐθεῖα
645 1448 672 1502 ἡ
698 1452 784 1490 ΑΒ
815 1448 886 1491 καὶ
1144 1452 1176 1484 Ε

1490 1410 1494 1430 1

117 1513 232 1567 παρὰ
262 1511 386 1554 θέσει
415 1513 441 1566 ἡ
469 1514 567 1566 ΓΔ,
600 1511 672 1554 καὶ
702 1507 730 1568 ᾗ
761 1515 887 1567 λόγος
1490 1502 1492 1506 ⁸

117 1581 194 1617 τοῦ
219 1575 304 1617 ὑπὸ
337 1579 456 1618 ΑΔΒ
480 1576 589 1631 πρὸς
612 1576 660 1618 τὸ
685 1576 768 1618 ἀπὸ
794 1579 888 1631 ΔΓ,
1486 1592 1494 1659 ἓ

116 1640 165 1681 τὸ
193 1641 235 1681 Γ
258 1641 434 1682 ἅπτεται
464 1645 650 1694 κωνικῆς
680 1647 886 1696 γραμμῆς.
948 1649 982 1682 Α
1386 1661 1415 1695 Β
1487 1659 1489 1662 ·

118 1701 195 1745 ἐὰν
219 1700 302 1745 οὖν
325 1703 351 1758 ἡ
376 1701 457 1758 μὲν
482 1707 566 1746 AB
598 1708 789 1759 στερηθῇ
814 1711 889 1759 τῆς
1177 1706 1207 1737 Δ

117 1767 295 1820 θέσεως,
312 1768 383 1809 καὶ
402 1768 454 1810 τὰ
475 1772 527 1822 A,
541 1771 578 1809 Β
598 1772 788 1823 στερηθῇ
807 1774 885 1810 τοῦ

118 1830 307 1873 δοθέντα
331 1827 456 1885 εἶναι,
481 1831 655 1886 γένηται
681 1830 729 1874 δὲ
754 1833 860 1887 πρὸς
884 1832 1007 1875 θέσει
1026 1833 1218 1881 εὐθείαις
1236 1839 1327 1882 ταῖς
1348 1835 1441 1884 ΑΕ,

178 1936 210 1979 1)
235 1934 343 1979 πρὸς]
369 1940 441 1969 τῶν
465 1935 557 1979 πρὸς
577 1934 743 1970 Hultech.

178 2031 210 2061 1.
237 2028 289 2068 εἰς
307 2027 384 2070 (alt.
388 2027 416 2073 )]
441 2027 464 2072 ἡ
485 2030 549 2062 ΕΖ
569 2028 620 2068 εἰς
639 2027 791 2062 Hultsoh
811 2039 894 2062 eum
914 2027 1188 2063 Commandino.
1260 2033 1291 2063 ὁ.
1320 2027 1438 2074 ΖΓΗ]
1492 2043 1494 2045 ·

123 2075 191 2108 ΖΓ
215 2076 278 2108 ΓΔ
309 2073 467 2109 Hultsch
492 2085 574 2109 cum
600 2074 873 2110 Commandino.
1040 2078 1072 2109 6.
1103 2072 1172 2130 τὸ]
1185 2073 1226 2110 τὸ
1251 2073 1323 2109 ὑπὸ
1347 2074 1438 2116 cod„

118 2119 282 2154 Hults'oh
357 2124 388 2154 7.
414 2122 489 2165 τοῦ]
515 2126 580 2155 τοῦ
605 2118 676 2155 ὑπὸ
702 2119 1186 2173 cod„Hu1tsch.19.a']
1212 2120 1280 2155 hoc
1304 2120 1439 2155 lemma

119 2165 320 2211 explica-nit
349 2168 518 2211 Tannery
547 2166 709 2201 Bulletin
741 2167 804 2202 den
835 2166 995 2202 soiences
1025 2166 1197 2202 mathdm.
1224 2169 1261 2201 2·
1279 2166 1370 2201 εόιίο
1390 2166 1439 2200 VI

118 2224 151 2255 p.
175 2216 257 2255 149,
290 2213 444 2256 figuram
475 2213 579 2248 dedit
608 2213 773 2248 Zauthen
805 2213 993 2258 Kegelsoh.
1019 2225 1054 2258 p.
1074 2216 1153 2247 424.
1294 2217 1349 2247 26.
1379 2214 1439 2248 δο-

117 2258 246 2339 θέιὶτα]
267 2258 445 2300 δοθέντος
463 2259 557 2302 eod„
582 2259 746 2295 Hultsch.
803 2258 980 2304 εὐθείαις]
1000 2259 1179 2304 Tannory,
1198 2260 1328 2295 εὐθεῖα
1347 2258 1438 2302 cod„

119 2305 177 2339 Hu
195 2306 286 2340 tsch.
