1494 2450
1463 0 1492 117 ³}

1478 129 1491 195 {i

147 199 180 262 ᾧ
207 206 290 260 ἄρα
315 208 456 263 χρόνῳ
482 207 529 248 τὸ
550 211 591 248 A
616 207 684 249 ἐπὶ
709 209 757 249 τὸ
778 211 819 249 K
844 210 1141 263 παραγίνεται,
1166 207 1214 251 ἐν
1239 211 1376 267 τούτῳ
1401 206 1489 266 nal}

151 269 198 311 τὸ
225 272 282 310 Μ
307 269 376 312 ἐπὶ
400 271 448 312 τὸ
475 273 514 311 Λ
546 270 754 325 παρέσται
779 273 850 313 καὶ
877 272 899 314 ὁ
925 279 1011 314 τῶν
1037 273 1201 329 ζῳδίων
1225 273 1381 322 κύκλος
1403 265 1491 331 θέλ

156 332 572 388 σινὲξειὼςτὴνΚΛ.

152 99 203 140 18
659 102 966 137 ΦΑΙΝΟΜΕΝΑ

155 396 203 438 ἐν
238 392 274 454 ᾧ
310 398 394 453 ἄρα
430 399 573 455 χρόνῳ
1012 395 1044 429 Α

105 468 125 498 5
154 462 202 503 τὸ
246 463 291 504 Κ
334 460 576 517 ἀρξάμενον
824 445 1236 564 ‘N

154 525 236 567 ἀπὸ
280 531 359 567 τοῦ
402 526 449 567 K
496 527 576 581 τὴν
1268 547 1301 578 Κ

155 590 199 631 Κ
210 592 386 631 ΘΗΑΚ
402 589 574 644 περιφέ-

154 669 277 709 ρειαν
302 654 483 695 διελθὸν
505 653 575 696 ἐπὶ

155 718 204 759 τὸ
220 719 266 760 Κ
278 720 575 773 παραγίνεται,

88 788 131 818 10
158 780 575 836 ὄςέστιχρόνοςμιᾶς
1493 823 1494 826 ,

154 853 232 888 τοῦ
262 847 427 899 κόσμου
459 861 575 901 περι·
614 854 640 886 Β
1421 847 1455 880 Γ
1491 881 1494 883 .

154 916 313 964 φορᾶς,
352 909 399 952 ἐν
436 911 574 967 τούτῳ
1488 916 1492 923 “

154 974 176 1016 ὁ
203 976 286 1016 ΚΛ
320 974 477 1023 κύκλος
508 975 576 1024 δὶς

154 1037 272 1080 ἔσται
306 1039 441 1093 ὀρθὸς
466 1039 575 1093 πρὸς

86 1107 128 1138 15
155 1103 233 1144 τὸν
258 1106 344 1145 ΑΟ
370 1104 541 1145 κύκλον.

213 1175 300 1208 τῶν
318 1167 462 1208 αὐτῶν
474 1167 573 1209 ὑπο-

155 1229 363 1285 κειμένων
407 1233 514 1273 ἔστω
551 1230 573 1273 ὁ
824 1238 854 1269 Λ
911 1212 1157 1268 ⁴-
1218 1233 1258 1265 N

152 1297 284 1344 πόλος
326 1300 403 1337 τοῦ
447 1297 581 1336 ΒΕΓ

192 1359 354 1401 κύκλου
379 1359 537 1412 μεταξὺ

85 1426 128 1458 20
153 1430 240 1464 τῶν
258 1422 571 1477 Θ,Ξσημείων·

154 1486 282 1540 λέγω,
332 1487 397 1529 ὅτι
450 1486 571 1529 οὐδέ-

152 1566 253 1592 ποτε
286 1548 404 1593 ἔσται
437 1550 459 1592 ὁ
488 1554 572 1593 ΚΛ

153 1615 357 1671 ζῳδιακὸς
416 1615 573 1665 κύκλος

153 1679 288 1733 ὀρθὸς
339 1680 445 1734 πρὸς
494 1681 572 1721 τὸν
1018 1709 1056 1741 Η

82 1746 125 1776 25
157 1745 285 1784 ΒΕΓ
304 1743 511 1797 ὁρίζοντα.

211 1807 249 1847 εἰ
282 1807 363 1862 γὰρ
395 1805 514 1848 ἔσται
546 1807 569 1849 ὁ
602 1808 688 1849 ΚΛ
720 1809 858 1863 ὀρθὸς
892 1810 1002 1864 πρὸς
1037 1809 1114 1851 τὸν
1140 1811 1323 1862 ΒΕΓΚ,
1360 1815 1476 1864 τεμεῖ

153 1870 286 1911 αὐτὸν
317 1871 389 1912 διὰ
414 1878 502 1913 τῶν
525 1872 672 1914 πόλων
697 1871 768 1914 καὶ
794 1870 1010 1914 ἐλεύσεται
1036 1873 1109 1914 διὰ
1132 1878 1210 1914 τοῦ
1235 1874 1372 1914 πόλου
1398 1878 1475 1915 τοῦ

211 1961 364 2006 Figuras
389 1974 423 2006 p.
447 1966 500 2006 18,
526 1966 582 2007 20,
607 1967 651 1998 23
676 1965 830 2009 praebet
853 1965 934 2000 Vat.

214 2059 243 2090 1.
269 2055 355 2101 ἄρα]
382 2067 451 2091 om.
472 2057 554 2091 Vat.
602 2056 867 2103 παραγίγνεται
884 2059 979 2100 Vat„
1004 2059 1046 2092 ut
1069 2058 1132 2093 lin.
1153 2062 1184 2093 9.
1235 2062 1265 2093 2.
1292 2057 1327 2105 ὁ]
1353 2070 1421 2093 om.
1441 2069 1472 2094 v.

152 2106 184 2136 3.
211 2102 291 2148 KA]
320 2105 352 2136 K
360 2104 422 2136 ΣΛ
448 2103 486 2137 in
511 2114 580 2138 ras.
601 2104 683 2139 Vat.
770 2108 800 2140 7.
827 2107 861 2139 Κ
870 2107 971 2140 ΘΗΛ
996 2105 1076 2140 Vat.
1161 2108 1191 2140 9.
1217 2103 1471 2151 παραγίνεται]

152 2159 220 2183 om.
247 2160 279 2183 v.
331 2153 384 2183 10.
410 2155 496 2193 μιᾶς
519 2151 596 2195 τοῦ]
622 2162 694 2196 mg.
721 2163 767 2186 m.
788 2155 808 2186 2
829 2151 870 2187 V.
922 2155 975 2186 11.
1000 2155 1191 2186 τοῦ-14.
1219 2150 1348 2209 ὀρθός]
1373 2164 1474 2194 περι-

152 2201 271 2238 φορᾶς
303 2201 366 2240 τῆς
400 2198 568 2240 σφαίρας,
604 2197 662 2237 δὶς
693 2197 792 2233 ἔσται
822 2197 841 2232 ὁ
867 2201 932 2233 ΚΛ
963 2198 1096 2239 κύκλος
1125 2196 1216 2242 πρὸς
1247 2197 1367 2241 destas·
1390 2198 1473 2233 vat.

153 2246 206 2276 13.
246 2241 264 2275 ό
291 2245 355 2276 ΚΛ
387 2243 532 2288 κύκλος]
563 2243 602 2277 in
633 2254 702 2279 ras.
728 2245 769 2280 V.
842 2245 986 2291 κύκλος]
1017 2242 1196 2292 ζῳδιακός
1227 2256 1267 2288 v;
1304 2254 1334 2278 v.
1361 2243 1472 2279 schol.

152 2300 203 2322 nr.
223 2291 279 2322 46.
354 2292 407 2323 14.
433 2288 521 2323 Post
546 2289 644 2325 ἔσται
669 2290 738 2325 del.
765 2291 896 2332 κύκλος
919 2303 951 2327 v.
1029 2295 1080 2326 15.
1106 2292 1185 2337 AO]
1212 2291 1366 2329 ΑΞΘΟ
1390 2291 1472 2326 Vnt.

150 2346 196 2369 m.
218 2338 249 2370 2.
299 2336 375 2369 ΑΟ
399 2335 548 2382 κύκλον]
573 2335 740 2380 ὁρίζοντα
758 2336 802 2380 V,
827 2337 891 2372 ned
917 2337 986 2373 del.
1006 2340 1042 2374 et
1064 2348 1138 2382 mg.
1157 2348 1223 2373 scr.
1243 2338 1317 2373 Ao
1339 2336 1473 2372 κύκλον
