1456 2456
40 782 82 813 10

43 1105 84 1136 15

45 1426 88 1456 20

48 1747 90 1778 25

105 91 130 131 8
616 93 922 128 ΦΑΙΝΟΜΕΝΑ

103 197 266 238 κύκλου
291 196 521 251 ἡμικύκλια
547 198 642 251 δύο,
667 190 895 253 ἐπειδήπερ
921 197 1098 254 ἑκατέρα
1123 199 1230 254 ἀρχὴ
1257 197 1326 241 ἐπὶ
1349 206 1427 242 τοῦ
1448 196 1451 199 ’

106 261 357 315 ἰσημερινοῦ
394 261 555 303 κύκλου
593 258 702 303 οὖσα
739 260 788 304 ἐν
823 267 882 319 τῷ
915 263 1030 319 αὐτῷ
1062 264 1203 320 χρόνῳ
1241 262 1456 319 φέρεται,ς,-

105 325 130 378 ἡ
162 324 242 378 μὲν
274 325 352 378 τὴν
376 323 484 378 ὑπὲρ
510 331 588 379 γῆς
614 326 770 380 φοράν,
800 327 826 380 ἡ
852 324 900 368 δὲ
924 327 1004 380 τὴν
1026 326 1112 369 ὑπὸ
1137 333 1231 381 γῆν.
1282 325 1358 369 ἐὰν
1382 321 1456 370 ‹53³¹-

106 395 270 443 σφαῖρα
297 388 524 443 στρέφεται
550 389 719 443 ὁμαλῶς
737 390 834 445 περὶ
853 390 931 432 τὸν
951 389 1103 444 ἑαυτῆς
1122 390 1267 444 ἄξονα,
1291 391 1430 434 πάντα
1448 384 1456 442 ἶ

105 452 156 493 τά
191 451 260 493 ἐπὶ
292 459 367 506 τῆς
401 452 654 507 ἐπιφανείας
687 460 761 507 τῆς
796 455 982 509 σφαίρας
1014 462 1166 509 σημεῖα
1197 455 1244 496 ἐν
1268 460 1327 511 τῷ
1353 455 1456 511 ἴσῳζι

106 517 248 572 χρόνῳ
278 517 353 565 τὰς
385 517 535 571 ὁμοίας
564 518 839 572 περιφερείας
870 517 1081 573 διέρχεται
1107 526 1195 560 τῶν
1218 520 1456 572 παραλλή-;

108 583 195 621 λων
220 581 405 635 κύκλων,
430 580 531 623 καθ’
562 578 624 623 ὧν
649 581 839 636 φέρεται·
878 582 1028 636 ὁμοίας
1054 583 1136 636 ἄρα
1160 584 1456 636 περιφερείαςἸ

108 643 282 694 διέξεισι
306 652 384 687 τοῦ
411 645 663 699 ῑσημερινοῦ
689 647 866 700 κύκλου,
897 641 924 702 ᾗ
948 644 1028 700 μὲν
1052 647 1131 700 τὴν
1156 647 1264 701 ὑπὲρ
1290 653 1381 701 γῆς,
1405 641 1456 702 ᾖ

109 708 156 749 δὲ
190 708 269 761 τὴν
302 708 387 750 ὑπὸ
419 716 518 763 γῆν·
567 709 658 751 ἴσαι
693 710 775 765 ἄρα
801 709 913 752 εἰσὶν
937 711 986 752 αἱ
1006 710 1291 765 περιφέρειαι·
1339 708 1456 764 ἡμι-Ξ,

107 772 287 814 κύκλιον
318 773 400 827 ἄρα
433 772 635 826 ἑκάτερόν
666 772 798 815 ἐστιν·
842 775 890 816 τὸ
923 775 1003 828 γὰρ
1030 771 1099 815 ἀπ’
1131 773 1341 828 ἀνατολῆς
1365 774 1456 815 ἐπὶξ

109 834 325 890 ἀνατολὴν
359 837 384 891 ἢ
419 836 502 878 ἀπὸ
534 838 698 887 δύσεως
730 836 799 879 ἐπὶ
830 838 959 879 δύσιν
990 837 1089 887 ὅλος
1118 838 1274 887 κύκλος
1299 836 1456 891 ἐστίν·1

110 900 208 953 δίχα
243 901 325 955 ἄρα
362 899 597 955 τέμνουσιν
632 901 845 955 ἀλλήλους
876 902 946 944 ὅτε
977 908 1064 943 τῶν
1090 903 1253 955 ζῳδίων
1277 897 1456 957 κύκλοςζ

109 964 181 1004 καὶ
206 963 228 1005 ὁ
250 966 509 1020 ἰσημερινός.
541 963 616 1006 ἐὰν
636 962 684 1006 δὲ
704 964 751 1006 ἐν
771 967 934 1021 σφαίρᾳ
954 965 1034 1007 δύο
1053 966 1203 1007 κύκλοι
1221 964 1436 1020 τέμνωσιν
1453 958 1456 997 Ᾰ

111 1027 324 1082 ἀλλήλους
350 1030 460 1083 δίχα,
485 1027 683 1084 ἑκάτερος
706 1035 794 1071 τῶν
818 1030 1064 1082 τεμνόντων
1082 1028 1281 1083 μέγιστος
1300 1027 1435 1071 ἔσται·
1454 1023 1456 1032 ²

111 1091 133 1133 ὁ
155 1093 236 1145 ἄρα
255 1099 343 1134 τῶν
362 1093 527 1148 ζῳδίων
545 1093 704 1142 κύκλος
721 1093 792 1134 καὶ
812 1092 834 1135 ὁ
850 1094 1096 1147 ίσημερινὸς
1108 1092 1304 1147 μέγιστοί
1314 1094 1436 1134 εἰσιν.
1453 1107 1456 1129 1

169 1155 240 1198 καὶ
267 1156 289 1197 ὁ
317 1156 470 1211 ὁρίζων
494 1154 574 1209 μὲν
598 1164 685 1199 τῶν
709 1158 925 1211 μεγίστων
950 1156 1039 1198 ἐστὶ
1066 1158 1255 1199 κύκλων·
1291 1158 1368 1198 τόν
1391 1171 1456 1198 τε

111 1221 194 1274 γὰρ
225 1227 313 1262 τῶν
345 1221 511 1277 ζῳδίων
541 1221 704 1263 κύκλον
735 1221 806 1262 καὶ
830 1221 908 1263 τὸν
935 1221 1185 1275 ἰσημερινὸν
1208 1223 1436 1275 μεγίστους

113 1285 241 1333 ὄντας
273 1283 336 1326 ἀεὶ
369 1285 467 1339 δίχα
499 1284 657 1339 τέμνει·
702 1292 789 1326 τῶν
819 1300 865 1326 τε
895 1285 977 1340 γὰρ
1004 1285 1171 1326 δώδεκα
1198 1285 1360 1341 ζῳδίων
1386 1284 1438 1325 τὰ

113 1347 156 1398 ἓξ
183 1347 248 1389 ἀεὶ
272 1348 381 1403 ὑπὲρ
406 1355 485 1403 γῆς
509 1349 598 1390 ἀνω
624 1347 723 1403 ἔχει,
747 1347 819 1390 καὶ
838 1354 916 1390 τοῦ
938 1349 1189 1402 ῐσημερινοῦ
1210 1345 1256 1390 δὲ
1275 1347 1456 1390 κύκλου

114 1413 162 1455 τὸ
187 1412 445 1467 ἡμικύκλιον
470 1413 672 1467 ὑπεράνω
699 1411 766 1454 ἀεὶ
791 1415 892 1468 ἔχει·
923 1411 996 1454 καὶ
1021 1413 1102 1466 γὰρ
1121 1413 1173 1454 τά
1193 1411 1261 1454 ἐπὶ
1280 1413 1437 1454 τούτου

114 1476 249 1532 ἄστρα
279 1477 365 1530 ἅμα
396 1476 685 1519 ἀνατέλλοντα
715 1477 786 1519 καὶ
817 1477 1006 1519 δύνοντα
1038 1475 1086 1518 ἐν
1109 1481 1169 1533 τῷ
1195 1476 1272 1532 ’ίσῳ
1298 1477 1438 1532 χρόνῳ

114 1542 436 1596 παραγίγνεται,
462 1542 510 1583 τὸ
536 1539 615 1596 μὲν
641 1538 710 1583 ἀπ’
730 1541 940 1595 ἀνατολῆς
965 1539 1033 1582 ἐπὶ
1053 1540 1196 1594 δύσιν,
1221 1540 1269 1582 τὸ
1289 1537 1337 1581 δὲ
1357 1539 1438 1581 ἀπὸ

116 1605 280 1654 δύσεως
314 1603 382 1646 ἐπὶ
418 1605 644 1660 ἀνατολήν.
694 1605 886 1659 φανερὸν
919 1601 1001 1647 οὖν
1020 1603 1081 1666 ἐκ
1111 1611 1199 1646 τῶν
1229 1604 1439 1657 πρότερον

115 1668 505 1723 ἀποδεδειγμένων,
536 1669 603 1711 ὅτι
635 1675 712 1711 τοῦ
744 1670 995 1724 ἰσημερινοῦ
1027 1666 1092 1710 ἀεὶ
1117 1667 1225 1722 ὑπὲρ
1251 1668 1327 1709 τὸν
1351 1666 1440 1721 ὁρί-

117 1734 243 1784 ζοντά
269 1732 387 1775 ἐστιν
412 1734 678 1788 ἡμικύκλιον.
705 1731 780 1775 ἐὰν
806 1732 854 1775 δὲ
873 1730 921 1775 ἐν
939 1734 1104 1788 σφαίρᾳ
1122 1731 1266 1786 μένων
1283 1732 1440 1780 κύκλος

118 1798 217 1851 δίχα
247 1796 380 1855 τέμνῃ
412 1798 509 1839 τινὰ
539 1804 627 1839 τῶν
656 1798 871 1850 μεγίστων
902 1797 1062 1838 κύκλον
1093 1795 1158 1838 ἀεὶ
1184 1796 1440 1850 φερόμενον,

117 1859 188 1902 καὶ
208 1861 230 1903 ὁ
251 1860 418 1915 τέμνων
436 1861 634 1915 μέγιστός
657 1859 789 1903 ἐστιν·
817 1860 839 1902 ὁ
860 1860 1014 1916 ὁρίζων
1033 1860 1114 1916 ἄρα
1127 1867 1215 1901 τῶν
1227 1861 1442 1913 μεγίστων

118 1924 208 1967 ἐστὶ
233 1925 414 1966 κύκλων.

176 1990 340 2043 κόσμου
366 1995 658 2045 περιστροφῆς
682 1990 835 2044 χρόνος
861 1988 991 2042 ἐστίν,
1023 1987 1070 2029 ἐν
1094 1983 1127 2044 ᾧ
1147 1986 1330 2029 ἕκαστον
1354 1994 1442 2028 τῶν

51 2067 95 2096 30
121 2052 326 2095 ἀπλανῶν
358 2053 550 2108 ἀστέρων
575 2052 645 2094 ἀπ’
677 2053 886 2107 ἀνατολῆς
913 2051 981 2094 ἐπὶ
1005 2052 1084 2106 τὴν
1109 2050 1204 2105 ἑξῆς
1228 2050 1443 2104 ἀνατολὴν

180 2201 211 2231 2.
239 2195 346 2244 οὖσα]
372 2196 461 2233 ὄντα
486 2209 517 2232 v,
613 2201 645 2232 3.
671 2197 693 2242 ἡ
719 2198 784 2255 (pr.
786 2197 814 2243 )]
841 2195 860 2232 ὁ
884 2208 916 2232 v,
1012 2199 1044 2231 6.
1070 2194 1288 2241 διεξέρχεται
1311 2194 1394 2230 Vat

122 2247 153 2279 8.
180 2245 256 2289 γῆς]
283 2248 352 2289 γῆν
376 2243 411 2279 v'
436 2243 525 2278 item
550 2243 689 2279 lin.19
792 2243 899 2325 13ὁ]
923 2242 946 2288 ἡ
973 2263 1015 2268 -
1040 2242 1063 2287 ἡ
1089 2241 1192 2277 codd.
1290 2243 1344 2275 10.
1369 2239 1442 2275 ἀπὸ

123 2289 302 2336 ἀνατολῆς
326 2290 420 2333 Van,
446 2292 487 2325 ut
508 2290 571 2326 lin.
593 2293 647 2325 22.
893 2290 907 2341 ]
932 2300 1002 2325 om.
1027 2288 1086 2323 Ll.
1151 2287 1341 2333 τέμνουσιν
1364 2298 1396 2321 ν.

125 2341 179 2374 16.
210 2337 289 2384 μὲν]
326 2336 367 2373 δέ
391 2349 437 2373 m.
463 2341 483 2372 2
509 2337 551 2380 V,
577 2337 656 2374 Vat.
753 2337 911 2385 κύκλων]
936 2335 1067 2379 κύκλος
1090 2335 1172 2372 νεώ.
1291 2338 1345 2371 18.
1371 2331 1443 2381 ἀεί]

1434 20 1451 40 3

1435 40 1456 74 ἒξ,
