1494 2450
149 68 205 110 48
651 75 713 108 ΦΑ
719 75 956 110 INOMENA

149 176 216 230 δή,
242 177 307 218 ὅτι
331 176 380 219 ἐν
403 181 589 236 πλείστῳ
614 181 694 234 μὲν
719 183 859 237 χρόνῳ
885 184 933 225 τὸ
955 186 1079 225 ΑΖΓ
1098 185 1352 238 ἡμικύκλιον
1371 183 1472 228 ἀνα-’ἒ

149 239 304 294 τέλλει,
339 240 433 295 ἑξῆς
464 241 512 284 δὲ
536 244 585 285 τὸ
614 245 764 298 ΖΓΗ,
796 247 901 298 μετὰ
927 246 975 288 δὲ
999 253 1127 289 τοῦτο
1152 249 1200 290 τὸ
1227 251 1390 303 ΝΓΜ,
1423 249 1469 295 ἐν

148 303 354 361 ἐλαχίστῳ
380 304 428 347 δὲ
452 307 501 348 τὸ
529 308 675 349 ΓΜΑ.

206 367 298 410 ἐπεὶ
323 369 406 423 γὰρ
432 372 588 424 μείζων
614 370 732 413 ἐστὶν
755 372 782 426 ἢ
808 373 934 426 ὁμοία
959 375 984 430 ἡ
1009 373 1089 429 μὲν
1115 381 1198 418 AA
1221 377 1469 431 περιφέρεια

102 439 122 467 ι3
147 438 222 486 τῆς
248 435 410 486 ΒΜΘ,
435 435 461 488 ἡ
488 434 536 476 δὲ
561 437 703 476 ΒΜΘ
727 443 799 491 τῆς
820 441 979 493 ΛΗΚ,
1005 437 1098 494 ἡδὲ
1120 444 1262 483 ΛΗΚ
1283 447 1357 495 τῆς
1379 443 1469 496 ΓΕ,

80 758 121 788 10

78 1690 120 1720 10

78 1983 118 2011 15

148 494 196 538 ἐν
226 498 393 538 πλείονι
427 498 510 553 ἄρα
540 500 682 577 χρόνω
713 501 760 542 τὸ
785 502 828 543 A
858 503 937 557 τὴν
961 505 1046 545 ΑΔ
1076 505 1356 559 περιφέρειαν
1380 507 1468 548 δια-

147 561 376 614 πορεύεται
405 563 513 617 ἥπερ
545 563 593 604 τὸ
622 566 656 604 Ζ
688 563 929 619 ἀρξάμενον
953 566 1036 609 ἀπὸ
1061 575 1139 610 τοῦ
1167 571 1204 610 Θ
1228 571 1307 624 τὴν
1334 572 1468 615 &MR

149 625 465 679 διαπορεύεται,
492 625 539 667 ἐν
562 630 732 669 πλειόνι
758 626 806 671 δε
831 629 1072 685 ἀρξάμενον
1096 634 1238 708 χρόνῳ
1262 634 1311 676 τὸ
1333 637 1367 675 Ζ
1386 633 1468 680 ἀπὸ

146 694 225 730 τοῦ
259 691 297 730 Θ
327 690 407 743 τὴν
441 693 577 732 ΘΜΒ
610 691 911 747 διαπορεύεται
941 696 1048 750 ἥπερ
1079 696 1127 738 τὸ
1160 699 1208 738 Ν
1233 696 1468 751 ἀρξάμενον

148 751 230 794 ἀπὸ
255 759 333 794 τοῦ
354 756 397 795 Κ
419 755 499 808 τὴν
519 757 661 796 ΚΗΛ
686 757 988 813 διαπορεύεται
1011 758 1081 801 καὶ
1101 761 1148 802 τὸ
1171 763 1218 801 Ν
1231 760 1469 815 ἀρξάμενον

148 816 229 858 ἀπὸ
260 823 339 859 τοῦ
365 820 410 859 Κ
444 817 491 860 ἐν
520 822 690 861 πλειόνι
720 822 862 878 χρόνῳ
893 823 973 876 τὴν
998 826 1139 865 ΚΗΛ
1170 825 1469 881 διαπορεύεται

146 881 254 934 ἥπερ
279 881 328 922 τὸ
349 883 391 922 Γ
409 881 650 960 ἀρξάμενον
674 883 758 926 ἀπὸ
783 891 861 927 τοῦ
891 888 931 927 Γ
948 887 1028 941 τὴν
1046 890 1135 929 ΕΓ
1154 889 1466 944 διαπορεύεται·

148 943 242 986 ἀλλ’
271 944 320 986 ἐν
344 941 380 1002 ᾧ
404 961 484 999 μεν
503 947 551 988 τὸ
571 951 613 988 A
633 947 915 1003 ἀρξάμενον’
893 951 975 992 απὸ
995 958 1073 993 τοῦ
1093 957 1133 993 Α
1151 953 1230 1006 τὴν
1250 957 1335 995 ΑΔ
1351 968 1463 1007 περι·

148 1007 329 1063 φέρειαν
349 1010 661 1065 διαπορεύεται,
687 1011 735 1053 ἐν
752 1013 890 1070 τούτῳ
910 1015 958 1056 τὸ
978 1017 1084 1057 κατὰ
1103 1017 1336 1071 διάμετρον
1354 1017 1468 1075 αὐτῳ

146 1152 259 1207 χίστῳ
291 1150 331 1191 δὲ
362 1152 403 1192 τὸ
435 1153 525 1204 μετὰ
556 1154 624 1193 τὸν
649 1155 848 1208 Λίγόκερω
873 1157 914 1195 τὸ
940 1159 1069 1209 ΒΖΔ,
1101 1157 1171 1196 ὅσα
1197 1157 1237 1197 δὲ
1261 1158 1329 1206 τὰς
1352 1158 1468 1232 ἀρχὰς

146 1210 218 1262 εχει
249 1209 312 1250 ἐπὶ
342 1217 410 1250 τοῦ
442 1211 562 1252 αὐτοῦ
594 1219 670 1252 τῶν
700 1214 972 1266 παραλλήλων,
1001 1215 1043 1254 ἕν
1075 1216 1171 1263 ἴσοις
1199 1217 1351 1270 χρόνοις
1374 1216 1467 1257 ἀνα-

147 1267 559 1378 ῒέλέξτιειλήφθωσαν”
538 1329 617 1368 ἴσαι
635 1329 872 1401 περιφέρειαι
890 1331 935 1369 αἱ
948 1334 1047 1383 ΔΕ,
1065 1334 1136 1371 ΒΖ
1155 1332 1220 1372 καὶ
1238 1334 1467 1385 γεγράφθω·

146 1396 219 1424 σαν
243 1385 479 1437 παράλληλοι
503 1387 637 1426 κύκλοι
662 1403 698 1426 οι
724 1389 925 1439 ΗΕΘΜ,
952 1392 1069 1428 KZA
1083 1391 1135 1442 N,
1159 1388 1254 1430 καθ’
1277 1387 1332 1430 ὧν
1357 1390 1467 1444 φέρε-

146 1458 206 1482 ται
231 1443 276 1482 τὰ
302 1446 351 1493 Ε,
378 1447 409 1482 Ζ
440 1448 597 1495 σημεῖα,
631 1445 695 1484 καὶ
725 1446 818 1485 ἔστω
849 1446 977 1486 αὐτῶν
1002 1447 1048 1486 τὰ
1071 1446 1168 1500 ’ὑπὲρ
1193 1455 1267 1501 γῆν
1292 1449 1469 1501 τμήματα
1492 1466 1494 1480 ¹

146 1501 189 1540 τὰ
209 1503 368 1550 ΗΜΘ,
389 1504 516 1541 ΚΖΛ.
549 1502 691 1554 ὁμόίως
717 1504 765 1556 δὴ
785 1505 959 1556 δείξομεν
978 1509 1057 1553 τοῖς
1075 1506 1272 1559 πρότερον,
1298 1508 1352 1548 ὅτι
1373 1506 1467 1547 κατὰ
1492 1523 1494 1547 ;

147 1559 348 1632 διάμετρόν
378 1559 455 1599 ἐστι
479 1561 520 1600 τὸ
546 1560 615 1612 μὲν
643 1565 677 1600 Ε
702 1567 861 1613 σημεῖον
885 1567 937 1618 τῷ
964 1566 995 1601 Ζ
1020 1565 1177 1620 σημείῳ,
1208 1565 1249 1604 τὸ
1275 1564 1316 1605 δὲ
1344 1568 1396 1604 Μ
1415 1569 1465 1621 τῷ

147 1620 196 1656 Ν.
228 1617 292 1657 καὶ
311 1616 391 1657 ἐπεὶ
411 1619 547 1668 μείζων
567 1618 667 1659 ἐστὶν
686 1618 712 1672 ’ἢ
733 1619 886 1671 ὁμοία
864 1637 888 1672 η
909 1624 983 1660 AA
1001 1622 1223 1675 περιφέρεια
1240 1630 1308 1675 τῆς
1327 1627 1368 1662 Η
1379 1607 1466 1664 ΜΘ
1492 1660 1494 1672 ,

1490 1579 1494 1601 ι

1490 1621 1494 1651 1

146 1677 402 1728 περιφερείας,
427 1693 451 1727 η
479 1675 518 1715 δὲ
545 1680 686 1717 ΗΜΘ
710 1684 777 1730 τῆς
801 1681 920 1718 ΚΖΛ
944 1695 1008 1719 και
1033 1680 1085 1719 ἔτι
1110 1679 1134 1731 ἡ
1155 1683 1273 1720 ΚΖΛ
1296 1688 1364 1733 τῆς
1384 1680 1493 1731 ΒΓ,

146 1733 188 1773 ἐν
216 1735 365 1773 πλείονι
395 1733 470 1788 ἄρα
500 1735 623 1792 χρόνῳ
655 1736 696 1775 τὸ
728 1740 764 1775 A
797 1741 956 1788 σημεῖον
986 1737 1202 1790 ἀρξάμενον
1233 1739 1308 1779 ἀπὸ
1339 1746 1407 1779 τοῦ
1430 1741 1467 1779 A
1489 1738 1493 1770 i

146 1792 216 1844 τὴν
242 1796 316 1831 ΔΑ
340 1793 587 1846 περιφέρειαν
612 1794 917 1847 διαπορεύεται’
900 1794 998 1848 ήπερ
1023 1795 1064 1835 τὸ
1090 1799 1126 1835 Ε
1150 1796 1365 1848 ἀρξαμενον
1388 1797 1465 1837 ἀπὸ
1489 1804 1493 1834 ὲ

145 1856 214 1889 τοῦ
243 1851 276 1889 Θ
300 1850 371 1901 τὴν
399 1853 489 1890 ΘΜ
497 1854 541 1890 Η
560 1853 808 1906 περιφέρειαν
833 1854 1112 1905 διαπορεύεται,
1136 1855 1201 1894 καὶ
1225 1856 1266 1895 τὸ
1292 1859 1327 1894 Ε
1350 1855 1465 1909 ἀρξά-

145 1923 263 1959 μενον
288 1908 363 1947 ἀπὸ
389 1915 457 1948 τοῦ
487 1911 519 1946 Θ
549 1910 590 1949 ἐν
615 1911 761 1950 πλείονι
785 1911 908 1967 χρόνω
933 1911 1004 1963 τὴν
1033 1913 1127 1950 ΘΜ
1130 1916 1174 1950 Η
1200 1914 1465 1967 διαπορεύεται
1490 1929 1491 1944 ¹

146 1965 241 2019 ἥπερ
278 1967 319 2006 τὸ
351 1969 396 2006 Ν
428 1967 679 2065 ἀρξάμενονΝ
679 1968 755 2008 ἀπὸ
786 1976 854 2009 τοῦ
885 1973 925 2008 Λ
959 1970 1031 2021 τὴν
1062 1973 1186 2009 ΛΖΚ
1221 1971 1465 2023 περιφέρειαν
1487 1989 1494 2005 νὴ

145 2025 425 2077 διαπορεύεται,
461 2025 525 2064 καὶ
562 2026 603 2066 τὸ
635 2026 926 2079 Νὰρξᾶμενον
962 2027 1038 2067 ἀπὸ
1069 2035 1138 2068 τοῦ
1169 2033 1210 2067 Λ
1244 2029 1287 2069 ἐν
1318 2031 1494 2083 πλείονιζέ

144 2082 267 2138 χρόνῳ
304 2083 374 2133 τὴν
406 2086 530 2122 ΑΖΚ
568 2085 832 2138 διαπορεύεται
868 2084 966 2139 ἥπερ
1003 2086 1044 2126 τὸ
1076 2089 1108 2124 Β
1143 2085 1357 2138 ἀρξάμενον
1387 2087 1490 2128 ἀπδ

144 2147 212 2179 τοῦ
243 2144 280 2179 1’
304 2141 375 2192 τὴν
408 2144 475 2180 ΓΒ
511 2141 758 2194 περιφέρειαν
794 2144 1071 2195 διαπορεύεται.
1119 2143 1212 2184 ἀλλὰ
1249 2144 1291 2184 ἕν
1328 2139 1358 2200 ᾧ
1395 2144 1490 2213 μὲνῖ

191 2250 225 2276 ι.
263 2245 294 2276 5.
324 2243 401 2275 ΒΜ
409 2243 440 2276 Θ
464 2244 699 2288 (utrumqutffl
732 2247 760 2278 Β
784 2254 852 2279 om
880 2244 921 2278 v‘.
1019 2249 1050 2280 6.
1075 2244 1163 2280 Post
1186 2248 1218 2280 A
1245 2257 1354 2290 supra
1379 2246 1462 2282 add.

144 2286 350 2332 ἀρξάμενον
374 2288 447 2323 ἀπὸ
472 2295 535 2324 τοῦ
561 2294 594 2324 A
619 2290 650 2324 V
675 2291 735 2334 (m.
762 2292 796 2334 2)
823 2290 846 2334 l,
871 2302 942 2334 mg.
970 2291 1007 2334 L
1033 2291 1069 2326 in
1094 2294 1198 2327 textu
1223 2292 1267 2327 v‘.
1324 2295 1356 2328 8.
1382 2294 1463 2329 δια·
1486 2335 1487 2338 ¹
