1494 2450
89 851 131 882 10

91 1270 132 1302 15

86 1592 129 1623 20

84 1914 126 1945 25

165 73 247 115 172
547 78 839 112 KATATOMH
859 79 1111 114 ΚΑΝΟΝΟΣ

791 258 857 283 ια.

226 328 282 369 To
309 329 381 370 διὰ
405 329 626 383 τεσσάρων
653 330 865 383 διάστημα
888 329 959 372 καὶ
979 332 1027 373 τὸ
1049 333 1121 373 διὰ
1138 331 1264 374 πέντε
1283 332 1477 390 ἑκάτερον

160 391 384 445 ἐπιμόριόν
410 391 537 434 ἐστιν.

217 453 324 498 ἔστω
356 457 438 510 γὰρ
470 459 576 511 νήτη
606 455 686 510 μὲν
717 457 1005 512 συνημμένων
1036 459 1058 502 ὁ
1085 464 1145 514 Α,
1178 459 1284 515 μέση
1310 459 1358 503 δὲ
1381 461 1404 504 ὁ
1428 465 1478 518 Β,

160 519 298 574 ὑπάτη
327 521 375 562 δὲ
398 520 542 573 μέσων
567 521 588 563 ὁ
612 524 656 563 Γ.
688 522 736 563 τὸ
763 522 845 577 ἄρα
859 525 946 564 ΛΓ
965 523 1176 579 διάστημα
1201 523 1269 574 δὶς
1293 525 1365 567 διὰ
1388 534 1476 569 τεσω

159 585 306 638 σάρων
337 585 388 626 ὄν
421 584 511 626 ἐστι
537 586 777 639 διάφωνον·
822 586 901 628 οὐκ
927 588 1009 641 ἄρα
1035 586 1124 629 ἐστὶ
1148 589 1477 633 πολλαπλάσιον.

158 647 251 690 ἐπεὶ
276 645 358 690 οὖν
385 649 465 690 δύο
492 650 756 704 διαστήματα
783 654 853 691 ἴσα
873 651 923 691 τὰ
937 654 1031 705 ΑΒ,
1052 654 1133 693 ΒΓ
1151 652 1414 695 συντεθέντα
1430 653 1476 696 τὸ

158 712 263 754 ὅλον
281 713 337 766 μὴ
358 720 472 755 ποιεῖ
489 714 829 768 πολλαπλάσιον,
849 715 952 757 οὐδὲ
965 716 1109 769 ἄρατὸ
1122 719 1201 758 ΑΒ
1222 716 1311 758 ἐστι
1323 720 1477 760 πολλα-

157 775 354 818 πλάσιον.
386 778 459 819 καί
482 777 572 819 ἐστι
598 778 854 833 σύμφωνον·
887 778 1111 835 ἐπιμόριον
1137 781 1230 835 ἄρα.
1261 780 1412 835 ἡαύτὴ
1431 777 1477 824 <32

158 839 377 891 ἀπόδειξις
402 840 473 883 καὶ
499 841 568 884 ἐπὶ
593 848 671 884 τοῦ
697 843 770 884 διὰ
793 842 930 885 πέντε.

786 991 859 1048 ιβ’.

222 1075 278 1116 To
305 1076 376 1117 διὰ
401 1083 550 1118 πασῶν
577 1076 790 1130 διάστημά
814 1076 904 1118 ἐστι
930 1077 1171 1119 διπλάσιον.

216 1138 436 1193 ἐδείξαμεν
470 1141 552 1195 γὰρ
585 1140 688 1181 αὐτὸ
719 1141 1053 1182 πολλαπλάσιον.
1098 1141 1261 1183 οὐκοῦν
1290 1144 1385 1196 ἤτοι
1415 1143 1476 1184 δι-

156 1203 343 1244 πλάσιόν
368 1203 485 1245 ἐστιν
511 1228 565 1233 -
592 1203 617 1257 ἢ
643 1205 787 1258 μεῖζον
812 1203 838 1258 ἢ
864 1205 1105 1247 διπλάσιον.
1137 1204 1232 1247 ἀλλ’
1256 1204 1347 1248 ἐπεὶ
1373 1205 1475 1248 ἐδεί-

158 1266 290 1320 ξαμεν
314 1268 361 1309 τὸ
389 1268 620 1310 διπλάσιον
646 1268 857 1322 διάστημα
882 1267 928 1310 ἐκ
954 1269 1033 1311 δύο
1054 1276 1140 1311 τῶν
1159 1272 1372 1324 μεγίστων
1389 1268 1477 1312 ἐπι-

156 1333 322 1386 μορίων
347 1333 644 1385 συγκείμενον,
671 1332 789 1386 ὥστε,
816 1334 855 1374 εἰ
872 1330 989 1374 ἔσται
1009 1334 1056 1375 τὸ
1079 1334 1151 1375 διὰ
1168 1341 1320 1376 πασῶν
1336 1336 1478 1388 μεῖζον

158 1395 412 1448 διπλασίου,
450 1396 502 1438 οὐ
542 1396 808 1450 συγκείσεται
850 1395 894 1438 ἐκ
932 1397 1012 1438 δύο
1049 1399 1197 1450 μόνων
1233 1397 1478 1453 ἐπιμορίων,

157 1458 248 1500 ἀλλ’
281 1459 327 1501 ἐκ
362 1461 589 1515 πλειόνων,
614 1484 668 1490 -—-
695 1461 915 1514 σύγκειται
953 1460 1000 1503 δὲ
1037 1459 1083 1503 ἐκ
1120 1462 1200 1503 δύο
1232 1462 1479 1516 συμφώνων

157 1524 469 1578 διαστημάτων,
495 1522 542 1566 ἔκ
566 1539 610 1566 τε
634 1530 712 1566 τοῦ
733 1525 805 1566 διὰ
823 1524 950 1567 πέντε
968 1524 1038 1567 καὶ
1058 1531 1136 1567 τοῦ
1156 1526 1227 1567 διὰ
1246 1526 1477 1582 τεσσάρων,

155 1587 236 1628 οὐκ
267 1588 349 1641 ἄρα
379 1585 499 1630 ἔσται
529 1589 577 1630 τὸ
603 1589 676 1630 διὰ
700 1596 852 1631 πασῶν
876 1591 1021 1643 μεῖζον
1046 1590 1289 1632 διπλασίου.
1333 1589 1479 1631 διπλά-

155 1662 253 1693 σιον
278 1652 372 1706 ἄρα.

213 1714 306 1757 ἀλλ’
336 1715 482 1770 ἐπειδὴ
512 1716 560 1758 τὸ
593 1717 666 1758 διὰ
697 1724 849 1759 πασῶν
881 1716 970 1759 ε’στι
996 1717 1239 1771 διπλάσιον,
1271 1718 1317 1760 τὸ
1344 1715 1391 1759 δὲ
1415 1718 1477 1760 δι-

153 1780 339 1821 πλάσιον
381 1778 428 1822 ἐκ
464 1786 552 1822 τῶν
588 1782 819 1835 μεγίστων,
839 1779 1076 1837 ἐπιμορίων
1113 1781 1193 1823 δύο
1232 1780 1494 1836 συνέστηκεφε

152 1843 224 1885 καὶ
260 1844 307 1886 τὸ
345 1844 418 1886 διὰ
447 1851 599 1886 πασῶν
629 1845 712 1898 ἄρα
743 1843 792 1895 ἐξ
825 1844 1066 1899 ἡμιολίου
1097 1845 1180 1888 καὶ
1211 1845 1482 1900 ἐπιτρίτου

153 1907 403 1962 συνέστηκε·
429 1913 563 1949 ταῦτα
588 1909 669 1962 γὰρ
694 1908 883 1963 μέγιστα.
916 1908 1148 1964 συνέστηκε
1173 1909 1221 1951 δὲ
1241 1909 1287 1951 ἐκ
1306 1914 1383 1952 τοῦ
1403 1907 1476 1951 διὰ

151 1970 278 2014 πέντε
309 1971 381 2014 καὶ
413 1971 459 2014 ἐκ
489 1978 567 2013 τοῦ
599 1972 672 2014 διὰ
701 1973 936 2028 τεσσάρων,
967 1974 1109 2015 ὄντων
1133 1972 1384 2028 ἐπιμορίων·
1426 1973 1482 2015 τὸ

151 2035 230 2089 μὲν
256 2035 339 2089 ἄρα
364 2036 390 2077 δ
399 2036 448 2077 ιὰ
472 2034 641 2089 πέντε,
673 2034 818 2090 ἐπειδὴ
849 2037 994 2091 μεῖζόν
1023 2035 1160 2090 ἐστιν,
1192 2037 1390 2091 ἡμιόλιον
1420 2035 1478 2079 ἂν

152 2102 231 2153 εἴη,
256 2099 304 2141 τὸ
331 2099 378 2141 δὲ
405 2100 490 2141 διὰ
514 2101 775 2155 τεσσάρων
800 2099 1028 2155 ἐπίτριτον.

210 2218 239 2254 1,.
267 2213 335 2259 ια’]
362 2214 405 2256 V,
440 2213 491 2261 ιβ’
517 2215 582 2257 Μ’,
615 2226 683 2249 nec
714 2215 788 2250 iam
819 2217 1022 2260 sequuntur
1051 2217 1246 2260 protaseon
1270 2215 1412 2251 numeri
1434 2215 1474 2251 in

150 2260 254 2294 codd.
322 2264 352 2295 5.
379 2259 451 2307 δίς]
477 2272 588 2305 supra.
612 2272 677 2296 scr.
704 2261 768 2296 Μ’.
866 2266 896 2298 6.
924 2261 967 2298 ὄν
1007 2261 1064 2296 M*
1089 2273 1131 2297 ex
1157 2261 1219 2298 ὢν.
1287 2266 1341 2297 13.
1365 2260 1472 2309 αὐτό]

150 2306 247 2341 αὐτῶ
272 2306 320 2342 Μ.
394 2311 449 2341 26.
475 2308 528 2352 δέ]
555 2307 702 2353 Porph.‚
727 2308 796 2353 γάρ
823 2309 927 2344 codd.
1007 2310 1063 2343 ost
1086 2310 1126 2345 ἐκ
1151 2308 1271 2344 insert.
1297 2321 1334 2344 τε
1359 2308 1424 2343 M‘.
