1494 2450
150 114 230 155 108
661 117 964 151 ΦΑΙΝΟΜΕΝΑ

205 219 328 274 λέγω,
364 221 428 262 ὅτι
462 220 533 262 καὶ
569 220 615 263 ἐν
649 225 726 278 ἰ’σῳ
751 223 891 279 χρόνῳ
918 223 960 264 αὶ
989 227 1084 265 ἴσον
1109 223 1343 279 ἀπέχουσαι
1368 225 1468 268 ὁπο-

145 291 358 337 τερασοῦν
383 293 470 326 τῶν
495 292 711 340 τροπικῶν
737 293 948 341 συναφῶν
969 285 1277 336 ἐξαλλάσσουσι
1296 287 1344 331 τὸ
1365 289 1468 344 ἀφαε

146 348 216 397 νὲς
242 348 538 404 ἡμισφαίριον.
1454 366 1460 386 -7

204 414 397 454 ἔστωσαν
426 414 508 467 γὰρ
539 412 639 455 καθ’
673 410 734 455 ὧν
759 413 934 468 φέρεται
960 416 1010 456 τὰ
1035 419 1091 469 Δ,
1117 419 1168 465 Ε,
1196 419 1244 470 Ζ,
1269 419 1323 471 Κ,
1351 421 1401 472 Θ,
1425 420 1474 462 H

99 485 118 513 5
145 484 299 530 σημεῖα
322 478 590 531 παράλληλοι
615 478 767 520 κύκλοι
793 479 833 520 οἱ
859 482 902 520 A
911 481 967 532 0,
987 478 1086 533 ΕΞ,
1108 483 1203 534 ΖΡ,
1224 483 1335 535 ΚΝ,
1357 484 1467 538 ΘΜ,

75 805 117 834 10

71 1446 114 1476 20

146 543 245 582 ΗΛ·
278 542 322 582 αἱ
349 544 458 595 ΗΘ,
486 543 589 582 ΛΜ
607 542 691 597 ἄρα
714 542 984 597 περιφέρειαι
1009 541 1057 585 ἑν
1085 547 1163 600 ἴσῳ
1188 546 1327 602 χρόνῳ
1352 544 1467 596 ἑξαλὁ

145 605 354 647 λάσσουσι
380 606 427 647 τὸ
449 606 642 660 φανερὸν
660 605 965 662 ἡμισφαίριον·
997 605 1091 649 ἀλλ’
1111 607 1159 649 ἐν
1177 603 1213 664 ᾦ
1230 606 1311 663 μὲν
1329 611 1465 667 χρόνῳ

143 670 168 723 ἡ
201 672 292 711 ΗΘ
325 670 372 711 τὸ
405 670 600 724 φανερὸν
630 669 916 725 ἡμισφαίριον
947 670 1215 726 ἐξαλλάσσει,
1252 673 1278 727 ἡ
1303 676 1393 715 ΔΕ
1418 674 1465 719 τὸ

143 731 307 788 ἀφανὲς
331 732 598 783 ἐξαλλάσσει·
630 732 680 776 ἐν
704 729 739 791 ᾦ
758 734 806 776 δὲ
829 735 850 789 ἡ
870 737 910 776 Λ
918 738 974 776 Μ
985 736 1032 777 τὸ
1053 736 1248 790 φανερὸν
1265 737 1466 791 ἡμισφαίὲ

143 813 241 852 ριον
270 796 541 851 ἐξαλλάσσει,
571 798 598 852 ἡ
624 797 705 845 ΞΟ
734 798 782 840 τὸ
810 798 972 853 ἀφανὲς
997 797 1262 849 ἐξαλλάσσει·
1305 802 1348 843 αῑ
1375 804 1465 855 ΕΔ,

145 861 227 909 ΟΞ
266 863 350 915 ἄρα
384 861 656 917 περιφέρειαι
691 859 740 904 ἐν
780 866 856 919 ἴσῳ
893 863 1034 919 χρόνῳ
1071 862 1381 914 ἐξαλλάσσουσι
1417 866 1464 909 τὸ

141 926 307 980 ἀφανὲς
334 927 630 980 ἡμισφαίριον.

202 989 266 1041 ιζ’.
299 993 394 1033 Τῶν
412 988 482 1045 ἐφ’
503 989 679 1046 ἑκάτερα
698 996 776 1032 τοῦ
792 992 1044 1046 ίσημερινοῦ
1058 999 1347 1047 περιφερειῶν
1360 993 1466 1036 ἴσων

142 1070 185 1096 τε
219 1053 289 1096 καὶ
324 1058 422 1096 ἴσον
453 1055 706 1109 ἀπεχουσῶν
736 1061 814 1097 τοῦ
847 1056 1100 1109 ἰσημερινοῦ
1129 1055 1179 1099 ἐν
1209 1051 1244 1114 ᾦ
1274 1057 1463 1114 χρόνῳὴ

95 1126 114 1155 5
141 1118 263 1173 ἑτέρα
298 1118 547 1169 ἐξαλλάσσει
581 1119 629 1161 τὸ
661 1120 856 1173 φανερὸν
881 1119 1179 1175 ἡμισφαίριον,
1209 1120 1235 1174 ἡ
1267 1119 1389 1177 ἑτέρα
1417 1122 1464 1164 τὸ

141 1182 324 1236 ἀφανές,
355 1182 427 1224 καὶ
456 1181 506 1225 ἐν
531 1178 565 1240 ᾧ
590 1184 731 1240 χρόνῳ
756 1183 782 1237 ἡ
808 1183 931 1236 ἑτέρα
955 1182 1206 1235 ἐξαλλάσσει
1231 1184 1277 1226 τὸ
1304 1183 1465 1239 ἀφανὲς

140 1247 439 1301 ἡμισφαίριον,
469 1248 495 1301 ἡ
522 1246 644 1301 ἑτέρα
669 1245 716 1289 τὸ
744 1249 948 1302 φανερόν.

197 1309 305 1353 ἔστω
330 1310 380 1354 ὲν
403 1314 548 1368 κόσμῳ
574 1311 728 1366 ὁρίζων
753 1311 775 1353 ὁ
796 1314 940 1366 ΑΒΓ,
968 1311 1213 1366 ἰσημερινὸς
1238 1313 1286 1354 δὲ
1310 1314 1478 1364 κύκλος,

140 1376 247 1416 ἔστω
274 1374 296 1417 ὁ
323 1378 461 1427 ΒΔΓ,
497 1376 518 1417 ὁ
545 1375 594 1417 δὲ
617 1382 705 1417 τῶν
730 1376 895 1432 ζῳδίων
919 1377 1077 1425 κύκλος
1101 1375 1230 1418 θέσιν
1254 1375 1383 1432 ἐχέτω
1407 1378 1464 1428 ὡς

140 1439 219 1492 τὴν
243 1442 398 1489 ΑΕΘ,
428 1440 498 1481 καὶ
530 1446 608 1481 τοῦ
635 1442 716 1481 ΒΔ
726 1441 767 1481 Γ
792 1441 1045 1494 ἰσημερινοῦ
1072 1439 1141 1495 ἐφ’
1172 1440 1348 1495 ἑκάτερα
1376 1446 1478 1490 ἴσαι,

140 1518 184 1544 τε
204 1502 273 1545 καὶ
297 1507 393 1545 ἴσον
412 1502 647 1558 ἀπέχουσαι
667 1503 936 1558 περιφέρειαι
955 1501 1148 1546 ἔστωσαν
1167 1506 1210 1546 αὶ
1233 1508 1338 1557 ΘΚ,
1360 1508 1460 1547 ΖΗ·

141 1566 265 1620 λέγω,
304 1567 383 1621 ὅτι,
419 1566 469 1609 ἐν
506 1562 539 1624 ᾧ
568 1570 710 1623 χρόνῳ
735 1567 761 1620 ἡ
790 1570 880 1609 ΘΚ
909 1566 1158 1617 ἐξαλλάσσει
1189 1567 1236 1610 τὸ
1270 1568 1462 1624 φανερὸν

139 1632 436 1686 ἡμισφαίριον,
462 1632 487 1686 ἡ
517 1634 610 1673 ΖΗ
628 1630 674 1673 τὸ
701 1630 875 1685 ἀφανές.

195 2297 225 2327 2.
253 2292 507 2335 ἐξαλλάσσουσι
531 2292 571 2328 τὸ
597 2292 738 2336 ἀφανὲς
761 2291 1012 2350 ἡμισφαίριον]
1039 2292 1176 2329 addidi.
1284 2297 1315 2330 4.
1343 2295 1385 2336 Κ,
1414 2294 1456 2336 Θ,
1483 2293 1494 2315 ἶ

135 2340 192 2388 Η]
217 2343 264 2383 H,
294 2341 336 2384 Θ,
362 2343 396 2375 Κ
418 2341 501 2376 Vat.
570 2343 622 2375 18.
649 2339 712 2388 ιζ]
738 2353 779 2387 ιη
817 2339 898 2375 Vat.
1485 2347 1494 2353 ⁹
