1494 2450
61 751 104 783 10

59 1073 101 1103 15

54 1391 99 1422 ‘20

50 2043 94 2074 30

135 59 219 100 258
651 58 949 94 FRAGMENTA

134 167 261 219 λόγος
291 164 338 207 ἔκ
368 180 414 207 τε
444 171 523 206 τοῦ
555 165 607 207 ὃν
638 167 723 220 ἔχει
748 165 774 219 ἡ
801 167 893 207 ΗΕ
920 167 1027 221 πρὸς
1051 169 1153 219 ΕΔ,
1190 166 1411 211 τουτέστιν

133 232 228 271 ΚΗ
245 229 353 283 πρὸς
374 232 470 282 ΒΔ,
494 229 567 270 καὶ
593 228 635 279 ἐξ
662 225 715 270 οὗ
742 228 794 270 ὃν
819 231 905 283 ἔχει
930 231 956 284 ἡ
976 233 1064 272 ΔΖ
1081 231 1190 284 πρὸς
1212 233 1317 284 ΖΗ,
1340 228 1459 274 τουτ’

133 293 252 335 έστιν
275 294 302 347 ἡ
329 295 409 335 ΓΔ
433 294 540 348 πρὸς
564 294 645 347 τὴν
666 295 775 346 ΗΛ,
806 293 828 336 6
856 291 903 335 δὲ
927 300 1006 336 τοῦ
1031 293 1116 336 ὑπὸ
1142 297 1234 347 ΒΘ,
1255 297 1333 336 FA
1355 296 1460 349 πρὸς

132 359 180 400 τὸ
212 358 298 400 ὑπὸ
331 360 431 411 BA,
459 359 543 399 ΓΘ
578 364 794 411 συνῆπται
825 359 951 411 λόγος
981 356 1028 399 ἔκ
1059 373 1104 400 τε
1134 365 1212 400 τοῦ
1244 358 1296 400 ὃν
1325 357 1410 413 ἔχει
1432 359 1469 414 ἡ

137 425 216 464 ΘΒ
241 423 351 476 πρὸς
376 424 458 462 BA
488 420 559 462 καὶ
587 420 628 471 ἐξ
655 418 708 463 οὗ
734 420 786 462 ὃν
811 423 898 476 ἔχει
921 422 948 475 ἡ
974 423 1067 463 AF
1083 422 1193 476 πρὸς
1219 424 1317 476 ΓΘ,
1341 422 1412 464 καὶ
1435 422 1474 465 δ’·

132 487 180 527 ἔκ
203 500 249 526 τε
274 491 351 527 τοῦ
376 492 452 539 τῆς
479 486 616 527 KH’
596 501 681 541 αρα
706 486 815 539 πρὸς
841 488 922 527 ΒΔ
947 486 1018 527 καὶ
1043 491 1120 527 τοῦ
1146 492 1220 540 τῆς
1244 488 1337 527 AF
1352 486 1460 540 πρὸς

131 552 219 590 HA
256 549 279 591 6
318 550 446 598 αὐτός
483 547 603 591 ἐστιν
638 565 695 606 τῳ
729 548 987 627 συνημμένῳ
1019 551 1065 591 ἔκ
1095 565 1140 591 τε
1170 556 1248 591 τοῦ
1279 556 1353 603 τῆς
1376 553 1478 592 136²

130 614 238 666 πρὸς
263 616 346 654 BA
369 612 440 654 καὶ
465 619 543 655 τοῦ
568 619 644 667 τῆς
668 615 755 654 AF
773 614 881 668 πρὸς
909 616 994 655 ΓΘ.
1025 613 1048 655 6
1074 614 1122 655 δὲ
1146 619 1220 667 τῆς
1244 616 1337 655 ΚΗ
1354 606 1494 683 πρὸςξ

131 680 214 718 BA
239 683 453 730 συνῆπται
480 678 527 718 ἔκ
552 692 597 718 τε
622 683 700 719 τοῦ
725 683 801 731 τῆς
825 680 922 719 ΚΗ
946 678 1055 732 πρὸς
1074 680 1110 719 Β
1126 680 1162 719 Θ
1186 677 1257 719 καὶ
1282 683 1361 719 τοῦ
1386 693 1492 734 της

130 744 215 782 ΒΘ
244 742 351 796 πρὸς
385 744 488 782 BA·
532 740 555 783 6
589 742 671 795 ἄρα
707 741 979 794 συνημμένος
1008 739 1056 783 ἔκ
1086 757 1131 783 τε
1160 748 1239 783 τοῦ
1270 748 1342 795 τῆς
1367 743 1491 784 KH

129 806 237 860 πρὸς
263 808 349 846 ΒΘ
372 805 444 846 καὶ
471 811 551 847 τοῦ
576 811 652 858 τῆς
671 808 751 847 ΒΘ
774 806 877 859 πρὸς
898 808 979 846 BA
1003 803 1123 846 καὶ”
1100 820 1161 847 ετι
1186 811 1263 847 τοῦ
1288 812 1362 860 τῆς
1379 807 1465 848 AF

128 870 236 920 πρὸς
261 871 347 911 ΗΛ
383 868 406 910 6
444 869 573 918 αὐτός
610 868 727 911 ἐστιν
763 874 820 926 τῷ
848 868 1103 926 συνημμένῳ
1134 867 1182 910 ἔκ
1212 885 1256 910 τε
1281 876 1360 911 τοῦ
1385 875 1458 923 τῆς

129 936 213 974 ΒΘ
250 934 358 988 πρὸς
384 936 465 974 BA
501 933 572 974 καὶ
606 938 683 974 τοῦ
718 939 792 987 τῆς
818 934 852 974 Δ
864 935 905 974 Γ
930 934 1040 987 πρὸς
1072 935 1163 975 ΓΘ.
1211 935 1357 983 κοινὸς
1393 934 1456 975 ἐκ-

127 997 382 1052 κεκρούσθω
415 996 438 1038 6
469 1003 545 1050 τῆς
579 999 660 1038 ΘΒ
694 997 802 1051 πρὸς
826 999 908 1038 BA
942 998 1092 1050 λόγος·
1142 999 1290 1047 λοιπὸς
1320 999 1402 1052 ἄρα
1433 997 1455 1039 ὁ

129 1060 401 1114 συνημμένος
436 1062 482 1102 ἔκ
515 1076 561 1102 τε
594 1067 673 1102 τοῦ
704 1066 779 1114 τῆς
805 1063 903 1102 ΚΗ
930 1062 1038 1115 πρὸς
1063 1063 1149 1102 ΒΘ
1180 1062 1252 1103 καὶ
1281 1068 1359 1104 τοῦ
1383 1067 1457 1115 τῆς

126 1129 168 1165 A
178 1129 215 1164 Γ
233 1125 342 1179 πρὸς
368 1127 453 1166 ΗΛ
485 1124 508 1166 ὁ
532 1125 663 1174 αὐτός
689 1123 808 1166 ἐστιν
832 1130 890 1181 τῷ
917 1131 993 1178 τῆς
1018 1127 1112 1166 AF
1134 1126 1241 1178 πρὸς
1264 1126 1344 1179 τὴν
1370 1128 1455 1176 ΓΘ,

126 1187 350 1230 τουτέστιν
379 1194 439 1245 τῷ
471 1188 728 1245 συνημμένῳ
762 1191 808 1230 ἔκ
839 1204 884 1230 τε
915 1195 993 1231 τοῦ
1024 1194 1098 1243 τῆς
1123 1192 1216 1230 AF
1239 1190 1347 1244 πρὸς
1376 1190 1456 1243 τὴν

127 1254 213 1293 HA
241 1252 314 1293 καὶ
344 1258 422 1293 τοῦ
454 1259 528 1306 τῆς
555 1254 640 1294 HA
670 1253 779 1306 πρὸς
809 1253 889 1306 τὴν
917 1254 1006 1293 ΘΓ.
1055 1253 1126 1294 καὶ
1156 1253 1287 1295 πάλιν
1311 1253 1456 1302 κοινὸς
1492 1280 1494 1282 -

127 1315 432 1370 ἐκκεκρούσθω
467 1316 490 1358 6
525 1323 601 1370 τῆς
625 1318 719 1358 AF
746 1317 854 1369 πρὸς
886 1317 966 1370 τὴν
992 1318 1077 1358 ΗΛ
1113 1319 1263 1370 λόγος·
1307 1318 1455 1366 λοιπὸς
1483 1351 1489 1363 .

126 1381 208 1434 ἄρα
239 1379 262 1421 6
293 1386 369 1433 τῆς
400 1383 501 1422 ΚΗ
529 1380 637 1435 πρὸς
667 1381 747 1434 τὴν
773 1383 858 1421 ΒΘ
889 1381 1015 1434 λόγος
1046 1380 1068 1422 ὁ
1101 1380 1230 1430 αὐτός
1261 1381 1378 1422 ἐστιν
1401 1383 1460 1437 τῷ

123 1450 197 1497 τῆς
223 1446 310 1485 ΗΛ
339 1446 448 1497 πρὸς
478 1445 558 1497 τὴν
593 1445 683 1485 ΘΓ.
731 1443 803 1485 καὶ
833 1443 1014 1494 ἐναλλάξ
1046 1444 1181 1494 ἐστιν,
1219 1445 1276 1493 ὡς
1305 1445 1331 1498 ἡ
1363 1446 1459 1486 ΚΗ
1491 1475 1494 1478 <

122 1508 232 1563 πρὸς
257 1509 337 1561 τὴν
362 1511 461 1562 ΗΛ,
487 1508 626 1557 οὕτως
650 1507 676 1561 ἡ
703 1511 783 1549 ΒΘ
806 1509 913 1563 πρὸς
937 1509 1016 1562 τὴν
1045 1510 1129 1550 ΘΓ.
1177 1509 1252 1550 καί
1273 1509 1385 1550 εἰσιν
1409 1508 1453 1550 αἱ

123 1574 225 1625 KA,
251 1574 340 1613 ΒΓ
362 1571 654 1627 παράλληλοι·
686 1572 838 1614 εὐθεῖα
869 1573 951 1626 ἄρα
982 1570 1101 1614 ἐστὶν
1130 1572 1156 1626 ἡ
1189 1572 1261 1613 διὰ
1285 1579 1374 1614 τῶν
1398 1574 1453 1625 A,

124 1638 182 1685 H,
210 1638 247 1677 Θ
272 1637 470 1690 σημείων.

182 1710 241 1762 ιζ’.
272 1710 394 1753 Amo}
421 1712 475 1765 δὴ
500 1713 557 1766 μὴ
584 1713 692 1753 ἔστω
718 1713 992 1766 παράλληλος
1009 1711 1036 1765 ἡ
1056 1714 1136 1754 AB
1158 1717 1207 1766 τῇ
1228 1713 1320 1764 ΓΔ,
1345 1710 1452 1753 ἀλλὰ
1479 1685 1494 1757 ἒ

122 1774 396 1829 συμπιπτέτω
425 1776 532 1817 κατὰ
556 1776 604 1817 τὸ
628 1778 683 1817 N.
1491 1808 1494 1812 -

181 1838 270 1881 ἐπεὶ
307 1835 390 1881 οὖν
427 1837 510 1881 ἀπὸ
550 1846 629 1882 τοῦ
667 1839 802 1881 αὐτοῦ
840 1840 1017 1893 σημείου
1054 1845 1132 1881 τοῦ
1164 1844 1207 1880 A
1243 1841 1304 1888 εἰς
1337 1845 1452 1894 τρεῖς

121 1903 298 1952 εὐθείας
322 1903 398 1953 τὰς
423 1906 532 1953 ΒΝ,
560 1906 653 1956 ΒΓ,
678 1906 761 1945 ΒΖ
788 1904 868 1944 δύο
894 1903 1062 1945 εὐθεῖαι
1089 1902 1315 1957 διηγμέναι
1340 1901 1452 1944 εἰσὶν

120 1968 165 2009 αὶ
188 1970 295 2021 ΔΕ,
321 1970 433 2021 AN,
467 1970 603 2020 ἔστιν,
636 1968 693 2017 ὡς
718 1969 766 2009 τὸ
792 1967 875 2009 ὑπὸ
902 1969 1010 2020 NA,
1038 1969 1118 2008 FZ
1149 1967 1256 2022 πρὸς
1286 1967 1334 2008 τὸ
1364 1965 1450 2008 ὑπὸ
1492 2003 1494 2006 ⁴

122 2033 216 2083 NF,
236 2034 332 2085 AZ,
358 2031 495 2081 οὕτως
520 2031 568 2073 τὸ
595 2030 678 2073 ὑπὸ
707 2035 802 2085 ΔΕ,
821 2034 904 2073 ΚΛ
927 2030 1037 2084 πρὸς
1061 2029 1110 2072 τὸ
1137 2029 1221 2072 ὑπὸ
1240 2033 1334 2084 ΕΛ,
1354 2032 1450 2072 KA.
1491 2082 1494 2086 Α

120 2096 178 2145 ὡς
209 2093 256 2137 δὲ
286 2095 336 2137 τὸ
369 2094 454 2138 ὑπὸ
481 2099 583 2149 EA,
609 2098 693 2137 KA
723 2094 833 2148 πρὸς
863 2093 912 2137 τὸ
945 2093 1029 2136 ὑπὸ
1055 2097 1154 2148 ΕΛ,
1179 2096 1282 2147 KA,
1313 2093 1451 2143 οὕτως

121 2159 237 2201 ἐστὶν
268 2159 316 2201 τὸ
349 2158 434 2201 ὑπὸ
460 2163 564 2213 ΕΘ,
592 2162 683 2201 ΓΗ
708 2158 816 2215 πρὸς
847 2158 895 2201 τὸ
929 2158 1014 2200 ὑπὸ
1042 2160 1136 2212 ΕΓ,
1165 2160 1275 2199 ΘΗ·
1318 2158 1449 2199 πάλιν

180 2291 234 2321 14.
263 2287 345 2332 ΘΒ]
372 2288 441 2322 ΒΘ
467 2286 633 2321 Hultsch.
