1456 2456
83 68 267 104 XXXVIII
567 69 926 105 PROLEGOMENA
1441 0 1456 103 1

83 173 258 217 musicos,
284 174 348 217 qui
372 174 538 209 feruntur
563 185 641 209 esse
666 174 843 209 Euclidis.
880 177 991 219 atque
1016 176 1242 212 Introductio
1267 178 1412 212 harmo-

83 226 167 261 nica
200 226 349 270 quidem
381 226 528 260 Euclidi
561 226 675 261 tribui
708 238 782 262 non
811 228 951 270 potest,
986 238 1068 262 cum
1099 230 1226 264 auctor
1255 229 1332 264 eius
1364 230 1412 265 sit

83 278 353 321 Aristoxenius‚
384 278 557 313 Euclides
588 290 671 314 vero
699 279 963 324 Pythagoreus.
1005 281 1122 315 restat
1151 281 1266 326 igitur
1291 281 1411 318 Sectio
1454 314 1456 319 .

85 331 235 366 canonis
267 332 304 365 et
338 330 456 366 altera
490 331 634 365 exsistit
664 331 848 375 quaestio,
883 343 971 366 num
1002 332 1148 367 Proclus
1180 335 1218 369 et
1247 333 1410 368 Marinus
1452 335 1456 356 ²

82 382 180 417 hunc
211 383 333 427 ipsum
363 382 530 417 libellum
562 382 830 427 appellaverint
859 382 1021 418 musicae
1044 383 1235 420 Elementa
1259 388 1297 420 et
1324 398 1412 421 num
1455 403 1456 406 ¹

85 434 217 478 Sectio,
244 434 389 478 qualem
414 446 511 470 nunc
535 435 705 481 legimus,
729 435 845 480 ipsius
871 435 920 470 sit
944 435 1120 471 Euclidis.

143 498 367 531 quamquam
387 488 661 522 concedendum
680 489 747 532 est,
766 487 953 522 notionem
970 487 1154 534 στοιχείων
1173 490 1247 524 sive
1261 501 1412 536 στοιχει-
1454 495 1456 497 ’

83 540 202 579 ώσεως
214 539 389 574 incertam
402 551 480 575 esse
493 540 748 584 infinitamque
768 541 878 584 atque
898 550 920 574 a
939 540 1177 585 scriptoribus
1191 542 1291 577 varie
1309 554 1412 577 usur·
1454 534 1456 540 Δ

82 592 179 636 pari,
209 594 351 635 tamen,
381 592 412 626 si
437 592 594 638 legimus
619 603 679 636 ea,
711 602 805 637 quae
829 592 977 627 Proclus
1001 605 1037 638 p.
1053 597 1094 627 '12
1109 605 1185 639 sqq.
1213 594 1258 628 de
1282 595 1409 629 horum

82 644 274 679 verborum
294 644 463 689 disputat
480 645 630 679 notione
651 646 688 679 et
706 644 858 688 ambitu,
877 655 951 679 non
968 655 1055 680 sane
1069 645 1296 690 crediderim,
1314 647 1411 682 hunc

82 696 262 740 libellum,
285 708 356 742 quo
376 696 610 740 partiuncula
628 697 889 732 elementorum
908 697 1022 732 totius
1042 698 1231 733 doctrinae
1249 700 1411 735 musicae

84 749 301 791 continetur,
329 749 375 783 ab
401 749 480 793 ipso
500 749 627 784 Proclo
647 749 853 794 appellatas
878 760 957 784 esse
981 754 1044 793 τῆς
1068 755 1242 795 μουσικῆς
1263 762 1411 797 στοιχει-

84 801 228 846 ώσεις.1)
260 811 377 845 neque
398 801 508 836 aliter
525 801 649 836 iudico
669 801 714 836 de
727 802 880 837 Marino.
913 804 951 836 et
968 801 1048 846 ipse
1062 802 1212 837 Carolus
1226 803 1291 837 Ian
1303 803 1409 848 (Mus.

83 852 142 888 Gr.
168 865 203 897 p.
225 854 305 898 118)
336 854 436 887 haud
467 853 600 888 dubius
635 854 707 896 est,
741 853 930 889 Euclidem
966 854 1158 889 alterum
1192 855 1238 889 de
1270 856 1410 890 musica

83 904 218 939 librum
250 905 438 949 scripsisse
470 917 624 950 eumque
655 905 730 940 illis
761 906 921 941 musicae
946 905 1148 941 Elementis
1175 918 1197 941 a
1220 907 1348 942 Proclo
1374 910 1411 942 et

83 957 227 992 Marino
259 958 471 1003 significari.
515 958 722 1003 suspicatur
752 960 892 1002 autem,
924 958 1114 994 Euclidem
1141 959 1280 1003 ipsum,
1311 962 1410 1004 post—

83 1021 192 1053 quam
223 1009 262 1043 in
286 1009 362 1044 illis
387 1010 506 1045 Procli
532 1012 570 1045 et
593 1010 729 1045 Marini
753 1010 951 1046 Elementis
983 1011 1153 1046 subtilius
1180 1011 1225 1046 de
1250 1013 1347 1047 sonis
1373 1015 1410 1047 et

84 1062 334 1096 consonantiis
367 1063 499 1107 egerit,
532 1073 710 1097 summam
736 1075 858 1098 rerum
882 1063 919 1098 in
944 1063 1039 1098 hanc
1064 1063 1269 1099 Sectionem
1293 1066 1409 1099 trans-

82 1113 222 1149 tulisse.
257 1125 382 1149 manes
407 1114 476 1149 viri
502 1115 648 1160 egregie
673 1116 764 1150 mihi
790 1115 1004 1159 condonent,
1029 1116 1128 1160 quod
1152 1116 1191 1150 id
1215 1127 1309 1162 nego
1334 1117 1410 1152 veri

83 1167 202 1201 simile
222 1178 309 1202 esse.
347 1179 433 1202 nam
452 1168 613 1212 primum
637 1169 706 1203 hoc
726 1180 841 1214 genus
865 1168 1117 1203 translationis
1143 1169 1189 1203 ab
1207 1181 1275 1203 usu
1295 1180 1410 1204 more-

83 1230 154 1263 que
173 1219 338 1254 Euclidis
362 1231 509 1265 prorsus
535 1220 724 1264 abhorret3
750 1222 829 1255 tum
846 1231 982 1264 vereor,
1006 1231 1052 1255 ne
1076 1221 1211 1255 iniuste
1237 1223 1274 1256 et
1299 1222 1409 1256 desti-

82 1273 172 1306 nata
190 1272 330 1307 iudicet
349 1273 543 1315 sententia,
569 1273 633 1317 qui
653 1273 724 1307 sibi
741 1273 888 1308 videtur
906 1272 1061 1316 opinari,
1079 1272 1281 1317 Euclidem,
1301 1285 1408 1317 quem

82 1323 234 1367 quidem
260 1326 405 1359 constat
435 1325 474 1359 in
499 1325 668 1360 omnibus
700 1325 845 1369 scriptis
876 1324 1062 1370 exemplar
1086 1325 1300 1360 subtilitatis
1332 1336 1410 1361 esse

84 1380 121 1410 et
146 1376 374 1422 diligentiae,
399 1378 438 1411 in
464 1379 634 1422 excerpto
660 1388 704 1412 ex
731 1377 854 1422 aliquo
879 1377 971 1412 libro
998 1388 1062 1412 suo
1086 1377 1206 1412 minus
1226 1378 1410 1413 subtiliter

83 1428 329 1474 distincteque
352 1430 471 1474 egisse
490 1441 601 1474 quam
625 1430 664 1464 in
689 1430 784 1464 libro
802 1429 900 1474 ipso3
925 1429 964 1464 id
989 1430 1021 1464 si
1038 1440 1162 1464 verum
1182 1432 1287 1472 esset,
1314 1442 1410 1465 sum-

81 1492 163 1515 mus
197 1481 478 1516 mathematicus
513 1482 778 1517 existimandus
813 1483 908 1517 esset
943 1481 1143 1526 aliquando
1176 1493 1304 1526 parum
1339 1483 1410 1518 sibi

83 1535 253 1568 constans
285 1535 575 1579 conveniensque
609 1534 872 1569 alienissimam
903 1545 925 1568 a
955 1544 993 1569 se
1024 1534 1103 1578 ipso
1134 1545 1326 1578 personam
1354 1536 1409 1570 in-

83 1586 216 1620 duisse.

141 1638 318 1682 sequitur,
345 1640 387 1673 ut
405 1638 605 1681 videamus,
630 1639 768 1673 haecne
788 1638 908 1674 Sectio
934 1638 1012 1673 sine
1033 1638 1108 1673 ullo
1128 1639 1239 1674 dubio
1264 1639 1408 1675 Euclidi

82 1690 195 1725 tribui
219 1691 347 1734 possit.
392 1691 551 1735 primum
575 1691 691 1736 igitur
714 1691 952 1735 inspiciamus
977 1690 1142 1726 codicum
1167 1691 1314 1734 titulos,
1339 1692 1409 1727 etsi

81 1753 155 1777 non
180 1754 260 1777 sum
279 1742 433 1784 nescius,
458 1743 514 1786 iis,
541 1743 612 1778 nisi
631 1744 874 1787 consentiant,
900 1754 971 1778 non
997 1743 1051 1778 ita
1073 1743 1228 1778 multum
1254 1744 1407 1779 auetori-

81 1795 170 1829 tatis
201 1805 278 1829 esse
304 1795 551 1830 tribuendum.
597 1807 639 1831 ac
664 1796 798 1831 mirum
829 1806 917 1831 sane
942 1796 1014 1839 est,
1046 1795 1240 1830 nonnullos
1266 1796 1408 1831 codices

84 1846 289 1882 Sectionem
315 1846 482 1882 Cleonidi
506 1848 709 1892 vindicare,
741 1860 822 1883 cum
850 1847 889 1882 in
914 1847 1045 1883 ceteris
1068 1847 1232 1882 Euclidis
1263 1849 1408 1893 scriptis

84 1910 208 1934 omnes
241 1899 287 1933 ad
319 1911 433 1934 unum
459 1900 557 1944 quod
590 1901 702 1936 sciam
727 1901 766 1935 in
792 1899 951 1935 auctoris
976 1900 1121 1935 nomine
1147 1903 1349 1945 congruant
1373 1903 1409 1935 et

143 2036 176 2079 1)
202 2034 330 2077 Miror,
359 2034 459 2078 quod
483 2034 523 2069 E.
543 2035 581 2070 F.
602 2034 757 2079 Bojesen
782 2035 821 2070 in
845 2034 971 2070 libello
996 2034 1143 2080 egregio
1171 2033 1239 2069 ‘De
1263 2035 1408 2069 harmo-

82 2081 167 2115 nica
192 2080 347 2115 scientia
373 2080 606 2115 Graecorum’
629 2081 799 2126 (Hafniae
821 2082 923 2126 1833)
948 2093 982 2126 p.
997 2084 1040 2116 28
1063 2082 1138 2115 not.
1167 2080 1268 2125 dicit,
1294 2081 1406 2116 Cano-

82 2127 140 2162 nis
162 2127 361 2162 sectionem
381 2127 636 2173 στοιχειώσεων
654 2128 801 2163 nomine
821 2127 997 2172 appellari
1018 2129 1104 2173 apte
1122 2126 1295 2172 potuisse,
1321 2127 1408 2172 qnia

83 2174 152 2209 hoc
177 2173 270 2208 libro
295 2173 435 2208 musica
460 2174 690 2209 theoremata
713 2186 785 2210 non
810 2174 930 2209 minus
956 2175 1125 2209 accurate
1151 2175 1351 2218 composita
1371 2176 1407 2209 et

85 2220 336 2255 demonstrata
361 2219 647 2263 continerentur,
679 2231 788 2265 qnam
813 2220 1037 2266 geometrica
1061 2220 1304 2256 celeberrimis
1331 2220 1406 2255 illis

83 2266 296 2302 Elementis.
