1494 2450
570 46 874 82 FRAGMENTA
1317 47 1401 88 251

44 158 275 202 κεκλάσθω
307 157 333 212 ἡ
362 159 518 212 ΖΘΗ,
550 154 660 199 ἔστω
693 155 761 210 δέ,
794 156 853 205 ὡς
883 154 910 209 ἡ
937 158 1024 198 ΒΘ
1054 156 1166 210 πρὸς
1196 156 1278 210 τὴν
1307 157 1404 209 ΘΓ,

30 224 189 274 ὀὕτως
219 223 246 279 ἡ
278 227 320 265 A
331 225 369 265 Θ
404 223 514 277 πρὸς
544 222 626 277 τὴν
660 224 766 263 ΘΕ·
816 221 883 264 ὅτι
913 221 1192 276 παράλληλός
1223 220 1347 264 ἐστιν
1378 222 1404 275 ἡ

46 291 135 333 ΚΛ
162 295 214 345 τῇ
240 290 332 331 ΒΓ.

109 353 202 397 ἐπεὶ
229 355 312 409 γάρ
339 351 473 406 ἐστιν,
498 353 556 403 ὡς
580 353 607 408 ἡ
634 355 715 394 ΒΘ
739 354 850 408 πρὸς
874 353 956 407 τὴν
985 354 1075 407 ΘΓ,
1102 353 1242 403 οὕτως
1268 353 1294 407 ἡ
1320 355 1407 394 ΔΘ

46 420 159 474 πρὸς
190 421 272 474 τὴν
302 422 403 474 ΘΕ,
443 419 572 474 λοιπὴ
605 419 690 474 ἄρα
720 418 747 472 ἡ
774 421 859 460 BA
889 419 999 474 πρὸς
1031 419 1192 473 λοιπὴν
1222 420 1304 473 τὴν
1331 419 1410 460 ΓΕ
1458 430 1478 461 5

10 477 13 520 3
50 484 190 540 ἐστιν,
222 486 280 535 ὡς
304 485 331 540 ἡ
357 488 450 527 ΔΘ
480 485 590 538 πρὸς
614 485 696 539 τὴν
725 486 818 526 ΘΕ.
869 483 928 533 ὡς
954 480 1003 525 δὲ
1029 484 1054 538 ἡ
1082 485 1165 525 BA
1189 484 1301 539 πρὸς
1325 484 1407 538 τὴν

9 548 12 572 7
47 552 145 606 ΕΓ,
178 550 317 600 οὕτως
348 549 469 593 ἐστὶν
493 550 519 605 ἡ
549 553 650 592 ΖΜ
669 550 781 605 πρὸς
806 551 926 591 ΝΗ·
963 548 1036 590 καὶ
1062 550 1120 599 ὡς
1146 550 1233 605 ἄρα
1257 549 1284 604 ἡ
1315 551 1415 591 ΖΜ

8 616 10 620 ’
763 615 875 670 πρὸς
902 617 1018 669 ΝΗ,
1052 614 1194 665 οὕτως
1228 613 1351 657 ἐστὶν
1381 614 1407 669 ἡ

762 682 854 722 ΔΘ
887 681 998 735 πρὸς
1024 680 1106 735 τὴν
1135 683 1230 722 ΘΕ.
1282 680 1408 722 ἐναλ-

763 744 839 796 λάξ
867 745 1000 800 ἐστιν,
1036 746 1096 796 ὡς
1121 745 1147 800 ἡ
1179 748 1277 788 ZM
1298 745 1408 801 πρὸς
1437 757 1480 790 10

761 812 843 865 τὴν
887 814 1003 866 ΔΘ,
1054 810 1196 861 οὕτως
1239 812 1265 867 ἡ
1311 814 1415 854 ΝΗ

762 877 874 931 πρὸς
917 877 999 931 τὴν
1045 879 1141 919 ΘΕ.
1205 876 1308 919 ἀλλ’
1352 877 1411 927 ὡς

763 941 845 996 μὲν
870 941 896 996 ἡ
926 944 1028 984 ΖΜ
1054 943 1164 994 πρὸς
1191 943 1272 998 τὴν
1296 945 1409 995 ΔΘ,

764 1007 905 1057 οὕτως
930 1006 1052 1049 ἐστὶν
1076 1007 1125 1050 ἐν
1144 1010 1409 1066 παραλλήλῳ

763 1072 789 1127 ἡ
814 1075 898 1114 ΖΚ
918 1073 1029 1128 πρὸς
1051 1074 1133 1128 τὴν
1155 1076 1253 1129 ΚΘ,
1280 1074 1339 1124 ὡς
1359 1072 1408 1116 δὲ
1438 1085 1480 1116 15

764 1138 790 1192 ἡ
814 1140 911 1180 ΗΝ
924 1139 1034 1192 πρὸς
1053 1139 1134 1194 τὴν
1159 1142 1250 1194 ΘΕ,
1271 1139 1410 1189 οὕτως

15 1255 24 1266 2
765 1202 886 1245 ἐστὶν
911 1204 937 1258 ἡ
959 1206 1046 1246 ΗΛ
1072 1205 1183 1259 πρὸς
1208 1205 1290 1260 τὴν
1311 1207 1409 1247 ΛΘ·

54 1285 83 1318 Β
250 1286 285 1319 Δ
408 1284 440 1319 Θ
516 1285 549 1319 Ε
709 1285 737 1319 1·
765 1269 836 1310 καὶ
858 1268 917 1319 ὡς
936 1269 1066 1324 ἄραὴ
1093 1272 1177 1312 ΖΚ
1200 1271 1311 1326 πρὸς
1329 1271 1411 1325 τὴν

13 1322 25 1386 Ξ
766 1337 876 1388 ΚΘ,
916 1335 1057 1385 οὕτως
1096 1334 1221 1378 ἐστὶν
1258 1336 1284 1390 ἡ
1324 1339 1411 1378 ΗΛ

12 1405 20 1448 [³
53 1398 162 1454 πρὸς
192 1399 273 1453 τὴν
298 1401 398 1441 ΛΘ.
447 1399 726 1454 παράλληλος
763 1401 848 1456 ἄρα
881 1399 1002 1443 ἐστὶν
1034 1401 1060 1455 ἡ
1094 1404 1180 1443 ΚΛ
1211 1408 1262 1458 τῇ
1297 1404 1410 1444 ΗΖ·
1438 1413 1483 1443 20

56 1463 166 1506 ὥστε
190 1464 262 1506 καὶ
287 1470 339 1519 τῇ
368 1466 457 1506 ΓΒ.

115 1527 155 1571 ι’.
186 1530 268 1580 Εἰς
294 1530 377 1572 δύο
404 1530 583 1580 εὐθείας
608 1530 685 1580 τὰς
710 1533 859 1585 ΒΑΕ,
885 1533 1032 1573 ΔΑΗ
1052 1531 1136 1574 ἀπὸ
1165 1538 1244 1574 τοῦ
1275 1535 1312 1574 Θ
1338 1543 1412 1587 ση-

0 1614 2 1650 2
53 1596 180 1648 μείου
207 1595 289 1637 δύο
316 1596 574 1650 διήχθωσαν
601 1596 775 1638 εὐθεῖαι
800 1597 845 1638 αἱ
864 1599 975 1650 ΔΘ,
998 1599 1103 1651 ΘΕ,
1128 1594 1240 1639 ἔστω
1267 1597 1329 1652 δέ,
1355 1598 1414 1648 ὡς

0 1682 21 1709 ³,
54 1660 103 1702 τὸ
128 1660 215 1702 ὑπὸ
241 1667 330 1703 τῶν
355 1663 466 1715 ΔΘ,
493 1663 583 1703 ΒΓ
607 1661 718 1717 πρὸς
742 1663 792 1704 τὸ
818 1661 904 1704 ὑπὸ
931 1664 1033 1716 ΔΓ,
1059 1665 1166 1716 ΒΘ,
1198 1660 1339 1712 οὕτως
1363 1663 1412 1706 τὸ

0 1717 2 1724 ’
54 1724 141 1768 ὑπὸ
172 1728 280 1780 ΘΗ,
309 1729 394 1768 ΖΕ
415 1726 526 1782 πρὸς
549 1727 599 1769 τὸ
625 1726 711 1769 ὑπὸ
741 1730 840 1782 ΘΕ,
869 1729 982 1768 ΖΗ·
1014 1727 1082 1770 ὅτι
1109 1727 1266 1770 εὐθεῖά
1290 1726 1413 1770 ἐστιν
1440 1739 1483 1770 25

15 1800 17 1802 ’
54 1789 82 1845 ἡ
108 1791 181 1833 διὰ
206 1798 296 1833 τῶν
323 1793 372 1846 Γ,
399 1796 454 1846 A,
483 1795 529 1834 Z.

114 1856 239 1911 ἤχθω
267 1857 340 1899 διὰ
366 1863 444 1900 τοῦ
473 1860 511 1900 Θ
541 1864 593 1914 τῇ
621 1858 701 1900 ΓΑ
731 1858 1011 1914 παράλληλος
1035 1858 1062 1913 ἡ
1088 1860 1174 1900 ΚΛ
1206 1857 1279 1900 καὶ
1306 1871 1414 1914 συμ-

54 1920 245 1964 πιπτέτω
277 1929 372 1973 ταῖς
397 1925 503 1978 AB,
528 1926 616 1965 AA
646 1924 755 1966 κατὰ
786 1924 838 1965 τὰ
867 1925 926 1978 Κ,
952 1925 994 1965 Λ
1025 1931 1203 1979 σημεῖα,
1239 1923 1313 1966 καὶ
1341 1925 1415 1967 διὰ

56 1992 136 2029 τοῦ
157 1989 198 2028 Λ
223 1993 276 2043 τῇ
290 1992 384 2030 'AA
409 1988 688 2043 παράλληλος
707 1989 833 2044 ἤχθω
853 1988 880 2043 ἡ
902 1991 1009 2044 AM,
1035 1989 1108 2031 καὶ
1130 1989 1414 2044 ἐκβεβλήσθω

0 2089 1 2109 ἶ
55 2052 83 2106 ἡ
104 2054 184 2094 ΕΘ
209 2050 279 2094 ἐπὶ
304 2054 354 2096 τὸ
375 2056 439 2108 Μ,
466 2055 540 2096 διὰ
566 2052 614 2096 δὲ
639 2060 720 2097 τοῦ
742 2056 786 2096 Κ
807 2060 858 2110 τῇ
879 2057 960 2096 ΑΒ
986 2055 1266 2111 παράλληλος
1289 2056 1413 2110 ἤχθω
1440 2066 1485 2097 30

56 2117 83 2171 ἡ
111 2119 223 2172 ΚΝ,
248 2119 321 2161 καὶ
347 2118 631 2174 ἐκβεβλήσθω
657 2120 684 2174 ἡ
711 2123 755 2162 A
765 2122 803 2162 Θ
829 2118 899 2162 ἐπὶ
925 2121 974 2162 τὸ
1001 2122 1058 2162 Ν.

117 2180 211 2224 ἐπεὶ
248 2180 332 2226 οὖν
369 2184 444 2226 διὰ
480 2185 557 2234 τὰς
592 2187 902 2240 παραλλήλους
938 2187 1129 2240 γίνεται,
1169 2185 1228 2235 ὡς
1264 2186 1291 2240 ἡ
1324 2189 1367 2227 A
1378 2188 1415 2227 Θ

56 2248 166 2302 πρὸς
191 2248 272 2300 τὴν
301 2251 410 2303 ΘΝ,
443 2249 582 2299 οὕτως
606 2249 633 2304 ἡ
659 2252 755 2292 ΔΓ
772 2251 883 2305 πρὸς
907 2252 987 2304 τὴν
1015 2252 1111 2300 ΓΒ,
1144 2251 1192 2293 τὸ
1220 2251 1304 2303 ἄρα
1327 2250 1414 2293 ὑπὸ

58 2320 146 2355 τῶν
171 2316 214 2355 A
225 2317 282 2368 Θ,
310 2316 383 2356 ΓΒ
418 2318 516 2356 ἴσον
547 2314 669 2357 ἐστὶν
699 2321 759 2373 τῷ
791 2315 878 2358 ὑπὸ
910 2323 999 2358 τῶν
1024 2320 1067 2358 A
1077 2318 1126 2371 Γ,
1156 2318 1257 2358 ΘΝ.
1308 2317 1414 2358 ἄλλο
