1494 2450
172 34 189 73 1
206 33 254 73 10
681 37 982 73 ΦΑΙΝΟΜΕΝΑ
1479 0 1494 47 ‘³

225 141 388 182 κείσθω
413 141 495 194 γὰρ
520 148 571 197 τῇ
593 145 687 184 ΖΗ
707 147 776 198 ἴση
801 159 846 186 τε
870 144 942 186 καὶ
961 145 1222 188 ἀπεναντίον
1241 148 1491 204 περιφέρεια

166 204 193 257 ἡ
218 206 332 245 ΛΜ·
381 205 423 246 αἱ
456 208 566 260 ΜΛ,
593 209 683 248 ΘΚ
716 207 798 263 ἄρα
834 208 1105 265 περιφέρειαι
1141 210 1195 252 ἐν
1234 215 1311 268 ἴσῳ
1316 215 1490 291 τχρόνῳ

166 266 476 317 ἐξαλλάσσουσι
502 269 550 310 τὸ
572 270 766 326 φανερὸν
784 272 1087 328 ἡμισφαίριον·
1119 274 1211 317 ἀλλ’
1230 271 1333 317 ἐν
1300 292 1333 332 ῳ
1351 279 1491 338 24)va

165 332 191 385 ἡ
218 334 309 373 ΜΛ
338 331 387 375 τὸ
419 333 614 389 φανερὸν
648 333 942 391 ἡμισφαίριον
961 336 1233 388 ἐξαλλάσσει,
1270 339 1296 394 ἡ
1325 343 1419 382 ΖΗ
1443 335 1494 388 τᾶ

119 405 138 434 5
165 394 329 450 ἀφανὲς
358 395 624 447 ἐξαλλάσσει·
672 400 743 441 καὶ
774 398 824 442 ἐν
855 396 890 457 ᾧ
920 402 1004 456 άρα
1034 403 1176 459 χρόνῳ
1207 403 1233 457 ἡ
1261 406 1351 445 ΘΚ
1378 409 1491 459 περιί

164 459 316 514 φέρεια
339 458 592 540 ἐξαλλάσσει
616 463 664 504 τὸ
686 462 880 519 φανερὸν
898 465 1196 521 ἡμισφαίριον,
1221 467 1247 521 ἡ
1268 470 1355 509 ΗΖ
1374 462 1490 527 περιέ

164 523 316 577 φέρεια
342 523 389 566 τό
417 525 583 579 ἀφανες
606 525 871 577 ἐξαλλάσσει.
902 530 975 571 διὰ
998 530 1050 571 τὰ
1075 531 1185 572 αὐτὰ
1210 532 1263 586 δὴ
1287 530 1399 574 καὶ’
1384 549 1432 575 εν
1456 519 1492 609 Q

163 589 305 644 χρόνῳ
331 589 356 643 ἡ
379 592 470 631 ΘΚ
489 590 743 646 περιφέρεια
767 590 1016 642 εξαλλάσσει
1036 593 1084 636 τὸ
1105 593 1264 649 ἀφανες
1285 591 1491 652 vamtquoeff

163 667 274 707 ριον,
298 652 323 706 ἡ
351 656 438 695 ΗΖ
463 653 512 695 τὸ
538 654 733 711 φανερὸν
755 655 1022 706 ἐξαλλάσσει.
1480 659 1493 715 fg

96 725 138 754 10
224 715 295 770 ιη’.
324 719 418 759 Τῶν
438 717 519 760 δὲ’
504 734 554 761 εν
572 735 630 775 τῳ
650 719 890 777 ἡμικυκλίῳ
911 738 968 778 τῳ
990 722 1386 782 ἀπολαμβανομένῳ
1404 723 1490 769 ὑπὸ

162 786 240 822 τοῦ
274 782 527 858 ἰσὴμερινοῦ
558 782 666 837 πρὸς
690 789 748 840 τῷ
773 789 941 841 θερινῳ
965 801 1155 843 τροπικῳ
1185 791 1291 829 ἴσων
1314 802 1492 844 περιφεϋ

162 851 292 898 ρειῶν
323 843 375 887 ἐν
404 849 574 888 πλειόνι
605 827 747 905 χρόνῳ
778 848 804 902 ἡ
837 847 959 904 ἑτέρα
992 850 1136 892 αὐτῶν
1166 850 1416 901 εξαλλάσσει
1440 852 1494 897 τᾶ-

161 907 358 963 φανερὸν
393 910 680 965 ἡμισφαίριον
716 913 824 968 ἥπερ
861 913 887 967 ἡ
925 915 1052 969 λοιπὴ
1087 914 1135 956 τὸ
1168 914 1330 970 ἀφανὲς
1359 916 1431 959 καὶ
1461 917 1491 1010 ἡ

161 978 352 1026 τυχοῦσα
377 979 452 1027 τῆς
476 975 701 1030 τυχούσης.

93 1045 134 1076 15
218 1038 325 1078 ἔστω
349 1037 403 1081 ἐν
426 1040 571 1096 κόσμῳ
596 1039 751 1095 ὁρίζων
776 1040 798 1082 ὁ
819 1044 963 1095 ΑΒΓ,
988 1041 1058 1084 καὶ
1084 1042 1263 1098 θερινὸς
1286 1042 1367 1099 μὲν
1390 1061 1490 1101 tom

159 1099 283 1150 πικός
308 1103 416 1144 ἔστω
442 1102 465 1144 ὁ
491 1103 580 1144 A
541 1129 596 1157 Η,
629 1103 869 1160 χειμερινὸς
900 1103 948 1147 δὲ
979 1106 1001 1147 ὁ
1027 1109 1135 1160 ΔΟ,
1168 1107 1415 1163 ἰσημερινὸς
1439 1109 1490 1152 «53

159 1165 317 1215 κύκλος
348 1168 454 1208 ἔστω
481 1167 504 1208 ὁ
530 1170 671 1222 ΒΕΓ,
710 1168 731 1210 ὁ
767 1167 816 1210 δὲ
849 1176 936 1212 τῶν
971 1171 1136 1227 ζῳδίων
1167 1172 1325 1222 κύκλος
1355 1172 1492 1215 θέσιν

156 1228 289 1283 ἐχέτω
315 1231 395 1284 τὴν
415 1234 456 1272 Α
464 1234 504 1272 Ε
512 1234 567 1285 O
593 1230 665 1273 καὶ
690 1231 739 1274 ἐν
763 1237 822 1290 τῷ
842 1236 966 1275 ΤΑΕ
991 1233 1226 1292 ἡμικυκλίῳ
1255 1240 1342 1278 ἴσαι
1367 1252 1486 1291 περι-

159 1293 326 1348 φέρειαι
353 1292 547 1337 ἔστωσαν
573 1297 615 1337 αἱ
638 1298 744 1350 ΖΗ,
768 1299 872 1351 ΘΚ,
898 1299 1048 1352 ἔγγιον
1073 1297 1162 1340 δὲ”
1139 1309 1246 1341 εστω
1266 1306 1345 1342 τοῦ
1363 1304 1487 1355 θερι-

88 1365 131 1396 20
156 1363 237 1399 νοῦ
262 1365 471 1410 τροπικοῦ
497 1358 524 1412 ἡ
547 1363 654 1401 ΖΗ·
688 1347 852 1414 λέγω,
837 1361 903 1403 ότι
927 1360 977 1404 ἐν
1000 1365 1170 1405 πλείονι
1190 1365 1330 1421 χρόνῳ
1350 1365 1375 1419 ἡ
1396 1367 1488 1407 ΗΖ

155 1418 407 1470 εξαλλάσσει
431 1421 479 1464 τὸ
508 1422 701 1478 φανερὸν
719 1424 1006 1504 ἡμισφαίριον
1024 1426 1173 1480 ἤπερ“
1151 1442 1178 1481 η
1201 1430 1290 1469 ΘΚ
1305 1426 1353 1470 τὸ
1374 1428 1486 1482 ἀφα-

156 1485 227 1534 νὲς
250 1483 322 1527 καὶ
347 1486 373 1540 ἡ
398 1492 590 1541 τυχοῦσα
615 1493 688 1540 τῆς
712 1490 936 1543 τυχούσης.

213 1551 376 1591 κείσθω
403 1551 484 1606 γὰρ
509 1557 561 1606 τῇ
584 1554 673 1592 ΘΚ
693 1556 948 1609 περιφερείᾳ
975 1558 1044 1608 ἴση
1070 1570 1114 1597 τε
1134 1554 1205 1597 καὶ
1225 1555 1484 1599 ἀπεναντίον

154 1614 408 1669 περιφέρεια
431 1614 457 1669 ἡ
481 1618 603 1657 ΜΝ·
635 1613 784 1670 ἔγγιον
809 1618 892 1671 ἄρα
916 1618 942 1671 ἡ
964 1621 1054 1659 ΖΗ
1076 1625 1154 1660 τοῦ
1178 1623 1361 1673 θερινοῦ
1386 1635 1485 1674 τρο-

85 1692 128 1722 25
153 1684 282 1720 πικοῦ
307 1679 415 1733 ἥπερ
441 1679 466 1733 ἡ
493 1682 615 1721 ΜΝ·
658 1679 708 1722 ἐν
732 1683 900 1722 πλειόνι
926 1682 1008 1735 ἄρα
1033 1683 1175 1739 χρόνῳ
1200 1683 1226 1736 ἡ
1254 1685 1347 1724 ΖΗ
1364 1682 1484 1733 ἐξαλ-

154 1742 302 1784 λάσσει
327 1741 376 1784 τὸ
397 1742 592 1798 φανερὸν
610 1744 897 1799 ἡμισφαίριον
915 1745 1023 1801 ἥπερ
1043 1745 1068 1800 ἡ
1090 1749 1193 1788 ΜΝ
1209 1745 1257 1788 τὸ
1277 1750 1480 1802 φανερόν.

206 2221 237 2252 ὅ.
263 2217 349 2263 ἄρα]
376 2229 444 2253 om.
477 2218 573 2262 Vat„
599 2231 707 2263 supra
732 2220 815 2255 add.
842 2232 887 2255 m.
915 2224 945 2255 2.
1028 2224 1080 2256 10.
1108 2221 1175 2266 ιη’]
1201 2220 1259 2256 m‘
1286 2221 1366 2256 Vat.
1417 2220 1474 2268 δέ]

148 2263 217 2298 del.
243 2276 289 2298 m.
317 2268 336 2298 2
364 2265 444 2299 Vat.
559 2269 613 2301 24.
644 2267 733 2312 ZH]
761 2266 844 2301 add.
870 2281 913 2301 πε
917 2281 949 2308 pt
940 2267 1055 2310 ιφέρει
1026 2282 1082 2302 aaa
1110 2280 1155 2302 m.
1183 2271 1203 2301 2
1229 2268 1310 2302 Vat.
