1494 2450
156 22 242 63 210
548 22 800 57 ΕΙΣΑΓΩΓΗ
821 21 1089 55 APMONIKH

155 130 203 171 τὸ
234 130 459 184 ἡμιτόνιον
483 127 553 171 ἐπὶ
577 128 625 170 τὸ
650 129 764 183 βαρὺ
788 132 943 180 κεῖται,
970 127 1177 180 δεύτερον
1201 125 1263 179 δέ,
1289 122 1341 168 οὗ
1365 133 1474 181 πρῶ-

156 209 234 235 τον
265 192 333 235 ἐπὶ
359 194 407 236 τὸ
434 191 525 246 ὀξύ,
549 193 709 247 τρίτον,
734 189 787 233 οὗ
813 192 1019 246 δεύτερον
1043 189 1111 232 ε’πὶ
1135 191 1184 232 τὸ
1210 189 1300 245 ὀξύ,
1331 190 1476 247 τέταρ-

155 272 246 312 τον,
272 254 325 299 οὗ
349 265 522 312 πρῶτον
547 256 615 299 ἐπὶ
640 257 688 298 τὸ
713 256 839 311 βαρύ.
913 263 916 266 ’

213 327 291 364 τοῦ
326 319 374 364 δὲ
409 322 492 363 διὰ
517 328 690 363 πασῶν
715 321 808 375 εἴδη
833 318 952 362 ἐστὶν
977 318 1090 362 ἑπτά.
1130 326 1302 374 πρῶτον
1325 317 1404 375 μὲν
1425 321 1472 364 τὸ

109 397 129 427 5
155 385 239 428 ὑπὸ
265 386 558 442 βαρυπύκνων
581 386 909 439 περιεχόμενον,
940 381 992 426 οὗ
1017 392 1185 439 πρῶτος
1210 384 1232 425 ὁ
1258 385 1384 434 τόνος
1407 383 1474 427 ἐπὶ

154 450 202 491 τὸ
240 449 334 500 ὀξύ·
378 452 469 492 ἔστι
506 447 553 491 δὲ
592 449 674 491 ἀπὸ
712 448 878 503 ὑπάτης
907 447 1083 490 ὑπάτων
1114 447 1183 490 ἐπὶ
1214 447 1473 504 παραμέσην,

155 513 346 556 ἐκαλεῖτο
372 512 419 556 δὲ
444 514 530 556 ὑπὸ
556 521 645 555 τῶν
670 511 862 568 ἀρχαίων
886 510 1151 567 μιξολύδιον.

212 579 421 632 δεύτερον
444 579 493 621 τὸ
518 578 603 620 ὑπὸ
623 577 909 632 μεσοπύκνων
926 578 1243 632 περιεχόμενον,
1263 573 1315 618 οὗ
1334 577 1474 619 δεύτε-

153 658 228 696 ρος
253 642 274 684 ὁ
301 644 426 692 τόνος
452 640 521 684 ἐπὶ
546 643 594 684 τὸ
621 641 713 692 ὀξύ·
745 639 835 683 ἔστι
862 638 908 683 δὲ
929 640 1011 683 ἀπὸ
1031 642 1282 695 παρυπάτης
1299 640 1474 683 ὑπάτων

84 717 126 749 10
152 705 221 748 ἐπὶ
246 708 398 762 τρίτην
422 706 746 760 διεζευγμένων,
771 704 961 747 ἐκαλεῖτο
987 702 1035 746 δὲ
1061 705 1226 747 λύδιον.

210 773 358 825 τρίτον
390 771 438 812 τὸ
472 771 556 812 ὑπὸ
597 770 854 820 ὀξυπύκνων
885 771 1208 824 περιεχόμενον,
1249 766 1301 811 οὗ
1334 771 1473 824 τρίτος

151 835 174 876 ὁ
206 837 333 885 τόνος
363 835 432 877 ἐπὶ
464 836 512 878 τὸ
545 834 639 885 ὀξύ·
689 831 779 875 ἔστι
813 831 859 875 δὲ
892 832 974 875 ἀπὸ
1000 837 1180 888 λιχανοῦ
1204 833 1380 876 ὑπάτων
1405 833 1472 876 ἐπὶ

149 901 402 955 παρανήτην
427 898 750 953 διεζευγμένων,
775 897 966 940 ἐκαλεῖτο
992 896 1039 939 δὲ
1064 898 1265 952 φρύγιον.

207 963 413 1019 τέταρτον
449 964 497 1006 τὸ
529 964 614 1005 ὑπὸ
645 963 939 1017 βαρυπύκνων
969 963 1294 1018 περιεχόμενον,
1325 959 1378 1005 οὗ
1408 962 1472 1005 τέ·

81 1038 124 1069 15
150 1044 304 1083 ταρτος
329 1028 352 1070 ὁ
377 1029 505 1077 τόνος
529 1026 599 1070 ἐπὶ
625 1029 673 1070 τὸ
701 1026 794 1078 ὀξύ·
836 1024 927 1069 ἔστι
960 1024 1009 1068 δὲ
1033 1026 1117 1070 ἀπὸ
1142 1027 1306 1082 ὑπάτης
1329 1027 1472 1082 μέσων

149 1090 218 1134 ἐπὶ
244 1095 380 1147 νήτην
405 1091 730 1146 διεζευγμένων,
755 1090 946 1134 ἐκαλεῖτο
972 1089 1018 1132 δὲ
1045 1091 1217 1146 δώριον.

205 1155 403 1211 πέμπτον
431 1157 480 1198 τὸ
511 1157 597 1198 ὑπὸ
629 1157 916 1211 μεσοπύκνων
946 1157 1265 1210 περιεχόμενον,
1291 1153 1344 1198 οὗ
1368 1155 1469 1211 πέμ-

147 1235 253 1270 πτος
277 1220 299 1262 ὁ
326 1223 451 1270 τόνος
476 1219 544 1263 ἐπὶ
570 1222 618 1263 τὸ
645 1219 737 1270 ὀξύ·
770 1222 860 1262 ἔστι
886 1218 934 1261 δὲ
956 1219 1039 1261 ἀπὸ
1059 1220 1312 1274 παρυπάτης
1329 1220 1471 1273 μέσων

149 1284 218 1327 ἐπὶ
243 1286 394 1340 τρίτην
418 1285 734 1340 ὑπερβολαίων,
760 1284 948 1326 ἐκαλεῖτο
975 1281 1023 1325 δὲ
1046 1284 1300 1326 ὑπολύδιον.

79 1359 122 1390 20
206 1348 333 1391 ἕκτον
362 1350 411 1391 τὸ
442 1349 527 1391 ὑπὸ
558 1348 815 1399 ὁξυπύκνων
851 1349 1176 1403 περιεχόμενον,
1210 1345 1262 1390 οὗ
1296 1347 1414 1398 ἕκτος
1446 1347 1469 1390 ὁ

147 1415 275 1462 τόνος
300 1412 368 1455 ἐπὶ
393 1414 442 1457 τὸ
468 1412 561 1463 ὀξύ·
592 1414 682 1454 ἔστι
708 1412 755 1454 δὲ
780 1411 863 1454 ἀπὸ
889 1414 1068 1466 λιχανοῦ
1086 1411 1230 1467 μέσων
1248 1410 1316 1454 ἐπὶ
1336 1427 1470 1467 παρα-

147 1479 284 1531 νήτην
308 1477 626 1532 ὑπερβολαίων,
651 1474 841 1518 ἐκαλεῖτο
867 1473 915 1517 δὲ
938 1475 1226 1531 ὑποφρύγιον.

205 1540 393 1596 ἕβδομον
423 1541 471 1583 τὸ
496 1539 581 1582 ὑπὸ
605 1541 901 1595 βαρυπύκνων
934 1542 1252 1595 περιεχόμενον,
1288 1537 1341 1582 οὗ
1359 1547 1469 1594 πρῶ-

146 1621 221 1655 τος
246 1605 268 1647 ὁ
295 1607 421 1655 τόνος
446 1604 514 1647 ἐπὶ
541 1603 588 1646 τὸ
614 1604 744 1660 βαρύ·
789 1606 879 1646 ἔστι
905 1602 952 1646 δὲ
977 1603 1060 1646 ἀπὸ
1086 1603 1217 1658 μέσης
1241 1603 1310 1646 ἐπὶ
1335 1606 1469 1659 νήτην

76 1681 119 1711 25
146 1669 447 1724 ὑπερβολαίων
471 1668 497 1723 ἢ
523 1667 606 1710 ἀπὸ
632 1667 1076 1723 προσλαμβανομένου
1102 1667 1170 1710 ἐπὶ
1195 1667 1349 1723 μέσην,
1374 1667 1468 1710 ε’κα-

145 1737 259 1776 λεῖτο
286 1734 333 1775 δὲ
358 1731 511 1775 κοινὸν
535 1732 606 1774 καὶ
633 1730 826 1788 λοκριστὶ
851 1733 921 1774 καὶ
947 1732 1207 1787 ὑποδώριον.

202 1797 250 1839 ἐν
275 1795 323 1839 δὲ
348 1798 533 1854 διατόνῳ
557 1803 731 1851 πρῶτον
752 1795 832 1851 μέν
856 1795 974 1838 ἐστιν
999 1792 1114 1845 εἶδος
1143 1794 1190 1838 τὸ
1212 1796 1284 1838 διὰ
1302 1803 1465 1849 πασῶν,

143 1859 196 1903 οὗ
228 1869 404 1917 πρῶτον
437 1859 517 1916 μὲν
550 1859 620 1903 ἐπὶ
653 1859 702 1903 τὸ
736 1861 863 1916 βαρύ,
900 1859 1104 1914 τέταρτον
1135 1857 1183 1902 δὲ
1214 1859 1282 1902 ἐπὶ
1311 1858 1360 1902 τὸ
1388 1858 1464 1910 ὀξύ

143 1924 232 1969 ἐστι
265 1924 314 1967 τὸ
346 1927 589 1981 ἡμιτόνιον·
633 1925 838 1980 δεύτερον
872 1923 933 1978 δέ,
965 1921 1018 1966 οὗ
1047 1924 1195 1978 τρίτον
1219 1921 1298 1978 μὲν
1323 1923 1390 1965 ἐπὶ
1415 1921 1463 1964 τὸ

72 2001 115 2032 30
140 1991 268 2046 βαρύ,
301 1997 476 2045 πρῶτον
511 1987 559 2031 δὲ
594 1988 661 2031 ἐπὶ
695 1987 744 2031 τὸ
779 1987 872 2038 ὀξύ·
914 1989 1063 2042 τρίτον
1088 1986 1149 2042 δέ,
1181 1984 1233 2030 οὗ
1258 1988 1464 2042 δεύτερον

201 2120 231 2151 1.
256 2116 388 2162 κεῖται]
407 2115 502 2159 WB,
527 2126 596 2150 om.
617 2116 699 2150 cett.
769 2118 801 2149 3.
827 2115 983 2159 πρῶτον]
1003 2113 1125 2157 τρίτον
1145 2113 1261 2155 codd..
1282 2112 1327 2147 cf.
1345 2124 1380 2157 p.
1395 2115 1462 2147 208

139 2162 202 2198 lin.
224 2167 279 2197 26.
410 2166 441 2197 6.
468 2162 541 2197 ἔστι
565 2161 621 2208 δέ]
647 2160 670 2207 ἤ
694 2161 750 2196 W.
871 2165 925 2196 21.
951 2159 1011 2196 ἐπί
1035 2160 1141 2205 (alt.)]
1167 2160 1232 2203 M⁴,
1256 2158 1279 2205 ἥ
1302 2158 1415 2194 M'W.

140 2213 195 2244 26.
221 2208 396 2254 λοκριστί]
421 2208 480 2253 W,
506 2207 672 2252 λοκροστί
696 2208 761 2251 Μι,
786 2206 956 2252 λοκρικόν
980 2206 1043 2241 Μ’.
1093 2205 1156 2241 καί
1178 2206 1288 2266 sulm]
1314 2217 1384 2240 om.
1405 2205 1462 2240 W.

187 2259 241 2291 27.
267 2254 441 2302 διατόνῳ]
465 2258 515 2303 τῷ
534 2258 565 2291 δ.
592 2255 655 2289 M³.
705 2251 802 2295 εἶδός
826 2255 899 2289 ἐστι
923 2253 979 2288 W.
1070 2257 1124 2288 28.
1151 2253 1208 2299 ov]
1234 2253 1278 2288 οὐ
1303 2253 1348 2286 Μ.
1398 2251 1464 2297 μὲν
