1494 2450
85 757 139 788 ‘10

96 1078 139 1109 15

93 1397 138 1428 20

93 1722 138 1754 25

92 2042 137 2074 30

167 68 253 109 272
316 89 318 91 ·
681 68 979 104 FRAGMENTA

167 175 224 224 ὡς
247 176 328 229 τὴν
347 178 428 216 ΑΖ
452 177 560 230 πρὸς
583 176 663 230 τὴν
684 179 771 229 ΖΒ,
797 176 935 225 οὕτως
959 177 1039 231 τὴν
1057 180 1152 218 ΑΗ
1168 179 1278 233 πρὸς
1296 179 1375 232 τὴν

166 237 237 280 καὶ
261 243 498 293 τετμῆσθαι
524 240 604 293 τὴν
624 242 704 281 ΑΒ
730 240 829 295 δίχα
853 241 959 282 κατὰ
978 241 1026 282 τὸ
1048 244 1088 282 Λ
1101 254 1109 262 ·
1140 240 1212 283 καὶ
1230 243 1279 284 τὸ
1299 243 1383 284 ὑπὸ
1401 258 1425 285 τ

167 305 310 344 ΕΗΜ
326 303 410 357 ἄρα
437 307 535 345 ἴσον
559 302 678 346 ἐστὶν
701 309 760 361 τῷ
780 305 866 346 ὑπὸ
892 312 980 346 τῶν
1000 307 1140 359 ΑΗΒ,
1167 306 1387 348 τουτέστιν
1401 319 1410 330 ·

166 367 309 423 κύκλῳ
340 367 445 421 γάρ·
487 372 546 422 τῷ
577 367 662 410 ὑπὸ
694 375 782 409 τῶν
816 371 910 410 ΘΗ
914 370 964 410 K.
1012 368 1083 410 καὶ
1113 369 1312 424 τέτμηται
1342 371 1439 426 δίχα

169 433 250 472 ΘΚ
272 431 380 472 κατὰ
403 432 451 473 τὸ
471 434 543 472 Μ·
575 433 648 474 διὰ
673 433 726 486 δὴ
752 432 799 473 τὸ
824 432 1208 487 προγεγραμμένον
1232 436 1408 488 γίνεται,

165 494 191 547 ἡ
220 497 304 535 ΘΕ
325 496 434 550 πρὸς
457 496 537 549 τὴν
560 498 665 549 ΕΚ,
692 497 828 545 οὕτως
853 497 879 550 ἡ
908 498 994 538 ΘΗ
1012 498 1120 552 πρὸς
1143 498 1223 551 τὴν
1248 500 1351 540 HK.
1488 496 1494 526 ³-

224 557 297 606 λς’.
328 557 612 612 Ἡμικύκλιον
641 559 688 602 τὸ
716 559 785 602 ἐπὶ
810 566 885 614 τῆς
909 563 950 601 A
959 563 1015 614 Β,
1048 559 1120 602 καὶ
1144 561 1415 615 παράλληλος
1484 555 1494 601 ’ζ

166 625 250 664 ΑΒ
275 623 300 677 ἡ
327 625 427 676 ΓΔ,
451 623 521 665 καὶ
547 625 726 666 κάθετοι
750 626 960 679 ἤχθωσαν
985 625 1033 666 αἱ
1057 626 1156 678 ΓΕ,
1182 627 1290 666 ΔΗ·
1330 625 1394 667 ὅτι
1418 625 1437 666 ἴ
1491 648 1494 676 ;

166 686 284 729 ἐστὶν
307 687 334 741 ἡ
359 691 444 729 ΑΕ
465 694 516 743 τῇ
542 690 636 730 ΗΒ.
1476 684 1494 740 J

223 754 420 807 εἰλήφθω
452 754 501 795 τὸ
532 752 715 808 κέντρον
744 757 822 794 τοῦ
853 753 1013 794 κύκλου
1039 753 1087 793 τὸ
1117 755 1171 805 Ζ,
1202 752 1274 795 καὶ
1301 752 1494 809 ἐπεζεύῆ

165 821 319 859 θωσαν
349 818 393 858 αἱ
421 819 521 871 ΓΖ,
545 820 639 858 ZA·
673 821 742 871 ἴση
769 817 851 871 ἄρα
876 815 995 858 ἐστὶν
1018 817 1045 870 ἡ
1072 818 1152 858 ΓΖ
1177 823 1228 872 τῇ
1256 820 1352 859 ΖΔ·
1383 819 1463 878 ὥσ·Ἰ
1485 815 1494 850 s

165 882 235 923 καὶ
259 883 307 922 τὸ
334 881 417 923 ἀπὸ
444 887 518 934 τῆς
538 883 614 923 ΓΖ
640 885 739 923 ἴσον
763 886 822 937 τῷ
850 880 933 922 ἀπὸ
1479 878 1482 879 ’

163 951 238 999 τῆς
284 948 362 986 ZA
402 947 668 1001 τετραγώνῳ.
720 945 828 987 ἀλλὰ
870 950 929 1000 τῷ

163 1009 243 1062 μὲν
262 1009 345 1051 ἀπὸ
360 1011 434 1051 ΓΖ
453 1008 706 1066 τετραγώνῳ
727 1013 798 1051 ἴσα
813 1008 931 1050 ἐστὶν
986 1009 1019 1040 Γ

164 1074 216 1114 τὰ
241 1073 323 1115 ἀπὸ
348 1081 437 1115 τῶν
458 1076 546 1128 ΓΕ,
566 1077 643 1115 ΕΖ
668 1074 928 1127 τετράγωνα,

163 1143 223 1194 τῷ
253 1138 301 1179 δὲ
334 1138 418 1179 ἀπὸ
443 1140 486 1179 Δ
497 1141 531 1179 Ζ
567 1137 821 1194 τετραγώνῳ
857 1141 929 1178 ἴσα

165 1201 282 1244 ἐστὶν
310 1202 363 1243 τὰ
388 1202 471 1245 ἀπὸ
497 1209 584 1244 τῶν
608 1205 651 1243 A
659 1204 719 1255 H
747 1204 796 1243 H
802 1204 836 1242 Z
866 1215 927 1243 τε·

163 1266 378 1321 τράγωνα·
421 1265 493 1307 καὶ
525 1267 574 1307 τὰ
606 1265 688 1307 ἀπὸ
719 1273 807 1307 τῶν
838 1267 932 1318 ΓΕ,

163 1332 247 1371 ΕΖ
278 1330 361 1384 ἄρα
390 1330 638 1383 τετράγωνα
671 1334 742 1371 ἴσα
773 1329 891 1371 ἐστὶν
921 1337 1011 1379 τοῖς
1041 1330 1125 1372 ἀπὸ
1157 1338 1245 1372 τῶν
1272 1332 1377 1383 ΖΗ,
1401 1326 1489 1378 ΗΔ

163 1395 460 1448 τετραγώνοις.
503 1389 566 1435 ὧν
589 1395 639 1436 τὸ
665 1393 747 1435 ἀπὸ
771 1395 848 1435 ΓΕ
869 1395 1142 1448 τετράγωνον
1166 1399 1264 1435 ἴσον
1289 1392 1407 1435 ἐστὶν
1430 1393 1489 1450 tQ

164 1457 246 1500 ἀπὸ
277 1464 352 1512 τῆς
376 1461 420 1499 A
428 1460 478 1499 H
501 1459 777 1536 τετραγώνῳ·
822 1459 976 1500 λοιπὸν
1007 1474 1090 1512 αρα
1119 1458 1167 1499 τὸ
1201 1458 1283 1499 ἀπὸ
1309 1463 1383 1511 τῆς
1406 1451 1491 1511 ΕΖ

162 1522 434 1576 τετραγωνον
465 1525 601 1578 λοιπῳ
631 1527 690 1577 τῷ
717 1521 800 1563 ἀπὸ
831 1525 923 1563 ΖΗ
947 1522 1198 1578 τετραγώνῳ
1230 1521 1349 1564 ἐστὶν
1374 1522 1442 1563 ἴσο
1467 1545 1489 1574 5.

163 1585 234 1640 ἴση
265 1586 349 1640 ἄρα
378 1584 496 1628 ἐστὶν
526 1587 552 1640 ἡ
578 1589 660 1627 ΕΖ
690 1592 741 1641 τῇ
771 1588 867 1627 ΖΗ.
916 1584 1034 1627 ἔστιν
1065 1583 1112 1627 δὲ
1143 1585 1214 1627 καὶ
1246 1585 1323 1639 ὅλη
1354 1586 1379 1639 ἡ
1404 1587 1452 1641 Αι
1483 1631 1489 1635 Μ

164 1650 242 1707 ὅλῃ
272 1656 323 1705 τῇ
351 1652 431 1691 ΖΒ
458 1655 550 1704 ἴση·
583 1651 711 1704 λοιπὴ
742 1651 825 1704 ἄρα
850 1650 875 1703 ἡ
901 1653 990 1691 ΑΕ
1018 1653 1145 1705 λοιπῇ
1176 1656 1226 1704 τῇ
1252 1652 1340 1691 ΗΒ
1373 1649 1463 1691 ἐστι

165 1719 257 1769 ἴση·
290 1714 394 1768 ὅπερ
421 1715 508 1756 ἔδει
534 1713 681 1764 δεῖξαι.
1493 1767 1494 1770 ¹

221 1777 289 1830 λζ’.
315 1777 598 1833 “Ημικύκλιον
627 1779 676 1820 τὸ
709 1777 779 1819 ἐπὶ
809 1784 884 1831 τῆς
914 1781 1021 1831 ΑΒ,
1057 1776 1128 1818 καὶ
1165 1776 1247 1819 ἀπὸ
1284 1778 1441 1854 τυχόντ
1470 1773 1494 1786 ”

162 1848 240 1883 τοῦ
267 1844 308 1883 Γ
328 1843 496 1897 διήχθω
521 1842 546 1896 ἡ
575 1844 672 1895 ΓΛ,
703 1841 773 1883 καὶ
800 1842 984 1891 κάθετος
1007 1843 1130 1921 ἤχθῳ
1156 1842 1181 1895 ἡ
1207 1844 1317 1882 AE·
1349 1841 1413 1882 ὅτι
1439 1855 1462 1881 τ
1483 1848 1491 1890 ’,;

163 1906 245 1947 ἀπὸ
271 1911 312 1947 A
321 1908 362 1947 Γ
386 1912 464 1948 τοῦ
497 1906 578 1948 ἀπὸ
606 1908 685 1948 ΓΔ
718 1905 915 1961 ὑπερέχει
949 1921 1008 1962 τῳ
1036 1905 1121 1947 ὑπὸ
1156 1890 1494 1959 συναμφοτέρῆ

162 1975 236 2024 τῆς
261 1971 360 2023 ΑΓ,
389 1972 466 2011 ΓΒ
492 1969 563 2011 καὶ
588 1976 662 2024 τῆς
688 1973 785 2012 ΑΕ.

221 2033 286 2075 ὄτι
312 2034 394 2087 ἄρα
419 2035 467 2076 τὸ
493 2034 576 2076 ἀπὸ
602 2036 695 2076 ΑΓ
713 2038 812 2076 ἴσον
838 2033 955 2075 ἐστὶν
979 2038 1038 2090 τῷ
1058 2047 1103 2074 τε
1128 2032 1211 2074 ἀπὸ
1236 2036 1279 2074 A
1294 2034 1340 2084 Γ,
1365 1990 1489 2098 vomi

164 2097 282 2139 ἐστιν
311 2105 401 2147 τοῖς
426 2097 509 2140 ἀπὸ
534 2101 629 2151 ΔΕ,
648 2099 735 2151 ΕΓ,
766 2097 837 2139 καὶ
861 2113 920 2154 τῳ
940 2097 1025 2139 ὑπὸ
1052 2095 1387 2149 συναμφοτέρου
1412 2092 1494 2155 τῆξ*

221 2205 252 2236 2.
277 2204 479 2283 τετέιῆσθαι
501 2201 580 2247 τὴν]
608 2213 706 2245 susp.
731 2201 899 2244 Humum,
923 2200 1090 2245 τέτμηται
1115 2200 1138 2245 ἡ
1164 2199 1243 2234 cod.
1340 2202 1370 2234 5.
1396 2210 1444 2241 πο

162 2261 323 2292 γεγραμμ
344 2249 421 2293 νον]
446 2247 581 2282 lemma
604 2247 754 2282 XXXIV
778 2248 865 2282 extr.
1008 2250 1063 2281 25.
1096 2245 1184 2289 ὅπερ
1210 2246 1284 2281 ἔδει
1308 2245 1440 2290 δεῖξαι]

163 2294 230 2328 cod
235 2320 255 2337 .,
280 2294 381 2338 ὅπερτ
397 2310 442 2325 Ν
467 2294 633 2329 Hultsch.

953 1227 1044 1259 ΑΕ
