1494 2450
143 77 224 118 116
681 80 920 116 APPENDIX
971 82 975 86 ⁴
1489 75 1494 124 3

627 267 701 310 Ad
725 284 863 326 prop.
886 270 980 314 XII.

593 349 756 392 ’Άλλω
771 367 792 401 ς
822 367 845 393 τ
859 350 881 394 ὀ
915 351 999 406 ιβ’.

195 441 321 495 Αὕτη
348 441 399 484 δέ
423 441 541 484 ἐστιν
566 443 592 497 ἡ
619 443 862 500 σαφεστέρα
887 447 1069 496 ἔκθεσις.

92 510 111 538 5
196 503 305 547 ἔστω
340 504 388 547 ἐν
422 508 566 564 κόσμῳ
601 507 755 561 ὁρίζων
786 507 809 549 ὁ
842 512 1036 560 ΑΒΓΔ,
1072 510 1144 553 καὶ
1178 511 1355 567 θερινὸς
1383 514 1491 568 μὲν

136 568 342 622 τροπικὰς
366 568 473 612 ἔστω
501 570 523 612 ὁ
543 575 643 624 ΑΔ,
668 571 908 627 χειμερινὸς
934 574 982 615 δὲ
1005 574 1207 630 τροπικὰς
1226 575 1248 618 ὁ
1269 578 1362 630 ΒΓ,
1386 579 1494 634 ζςο

137 633 292 675 ὃιακοῦ
317 633 366 676 δὲ
390 635 647 689 ἡμικύκλιον
671 633 719 678 τὸ
744 636 849 690 μετὰ
873 635 949 679 τὸν
973 640 1194 693 Καρκίνον
1218 638 1326 682 ἔστω
1351 639 1463 697 ὑπὲρ

135 701 219 751 ’γῆν
252 696 299 739 τὸ
333 702 375 740 Α
386 701 433 752 Γ,
472 698 543 740 καὶ
580 697 687 741 ἔστω
726 699 959 743 ἀνατολικὰ
996 700 1075 757 μὲν
1110 703 1217 759 μέρη
1250 705 1302 746 τὰ
1332 708 1387 758 A,
1412 705 1458 761 Γ,

135 760 290 803 ὃυτικὰ
314 759 362 804 δὲ
387 763 438 805 τὰ
462 766 525 817 A,
551 766 608 817 B,
642 763 891 818 ῑσημερινὸς
921 765 969 807 δὲ
999 767 1156 846 κύκλος
1180 766 1287 810 ἔστω
1313 768 1335 810 ὁ
1359 771 1459 824 ΕΖ,
1489 789 1491 834 !

67 829 109 860 10
134 825 205 866 καὶ
231 825 455 881 διῃρήσθω
482 826 529 869 τὸ
557 831 598 868 A
607 830 648 869 Γ
672 828 929 882 ἡμικύκλιον
960 831 1020 879 εἰς
1045 831 1097 872 τὰ
1120 830 1170 873 ὲν
1194 831 1310 888 αὐτῷ
1335 830 1461 890 ζῴδια
1488 850 1492 882 ι

134 890 240 931 κατὰ
266 890 317 931 τὰ
343 893 400 944 Η,
429 894 478 945 Θ,
504 894 557 945 Λ,
584 894 641 933 Μ
659 901 825 946 σημεῖα,
856 893 927 934 καὶ
953 895 1276 950 γεγράφθωσαν
1300 897 1491 978 παράλ-

135 956 257 1008 ληλοι
288 954 438 996 κύκλοι
472 956 512 997 οἱ
545 954 703 1010 ΝΗΞ,
731 959 885 1011 ΟΘΠ,
912 959 1053 1012 ΡΛΣ,
1086 961 1239 1012 TMY,
1271 959 1379 1002 καθ’
1398 957 1491 1026 agn}

134 1016 309 1073 φέρεται
335 1019 386 1060 τὰ
412 1021 469 1072 Η,
498 1022 546 1074 Θ,
572 1022 624 1074 Λ,
651 1023 709 1062 Μ
727 1028 898 1074 σημεῖα
949 1021 1072 1076 λέγω,
1104 1023 1169 1065 ὅτι
1200 1023 1252 1066 ἐν
1275 1027 1462 1082 πλειστφ
1488 1024 1494 1067 Ι

133 1097 213 1135 μεν
238 1083 379 1139 χρόνῳ
406 1083 620 1126 δύνουσιν
645 1085 689 1126 αἱ
709 1087 821 1138 AH,
842 1087 943 1126 ΜΓ
960 1086 1243 1142 περιφέρειαι,
1272 1086 1322 1130 ἐν
1341 1087 1456 1130 ἐλάσ-

66 1151 107 1181 15
133 1156 231 1188 σονι
257 1146 306 1188 δὲ
329 1148 374 1188 αἱ
401 1149 510 1197 ΗΘ,
536 1150 652 1202 AM,
689 1147 738 1191 ἐν
761 1147 969 1206 ἐλαχίστω
997 1150 1046 1192 δὲ
1069 1151 1113 1193 αὶ
1142 1154 1247 1204 ΘΚ,
1273 1154 1381 1205 ΛΚ,
1407 1151 1494 1195 ἐν
1493 1171 1494 1174 “

132 1214 211 1267 ἴσςο
238 1208 286 1252 δὲ
310 1212 451 1268 χρόνῳ
477 1213 520 1254 αἱ
549 1216 645 1255 ἴσον
669 1211 904 1267 ἀπέχουσαι
930 1219 1007 1255 τοῦ
1035 1216 1300 1270 ἰσημερινοῦ.
1489 1226 1491 1252 ³

186 2217 216 2249 8.
235 2213 421 2255 Ἄλλως-
439 2219 472 2250 4.
499 2216 538 2251 ἔκ
539 2219 586 2251 θα
589 2227 608 2251 σ
611 2218 656 2263 ις]
684 2218 812 2252 atram.
832 2216 941 2252 rubro
960 2229 1007 2253 m.
1030 2222 1046 2252 1
1068 2218 1148 2253 Vat
1175 2218 1231 2263 (δέ
1250 2220 1287 2253 et
1307 2204 1474 2270 {monete}

126 2262 255 2343 {gates
276 2261 439 2343 .a{d⁸th'
463 2263 508 2307 2).
560 2262 638 2307 Seq.
666 2263 836 2307 repetitio
860 2263 1130 2308 propositionis.
1223 2268 1274 2302 12.
1310 2250 1489 2311 TMYng

236 2319 271 2342 m
390 2319 412 2343 a
1486 2334 1489 2348 .
