1494 2450
573 64 914 100 PHAENOMENA
1370 63 1426 106 35

73 180 201 220 EAZ
232 174 458 231 percurrit,
498 174 551 216 ad
586 177 620 215 Z
650 174 881 229 perveniet.
930 187 1079 214 verum
1109 175 1162 228 Z,
1198 175 1426 228 postquam

75 256 220 285 arcum
243 244 326 284 ZE
350 239 562 296 percurrit
589 242 632 281 et
651 239 704 281 ad
723 242 765 281 E
782 237 990 294 pervenit,
1016 238 1185 294 occidit,
1211 241 1252 280 E
1270 242 1428 293 autem,

72 310 300 363 postquam
344 320 490 349 arcum
530 308 661 347 EAZ
704 304 916 360 percurrit
961 306 1004 346 et
1047 304 1099 345 ad
1141 307 1175 345 Z
1219 305 1428 360 pervenit,

75 373 220 415 oritur.
253 386 356 428 ergo
381 373 544 427 puncto
574 374 608 413 Z
635 370 854 413 occidente
873 373 915 412 E
938 370 1086 412 oritur.
1118 363 1202 412 iam
1230 370 1430 412 similiter

0 449 1 492 j
74 437 478 492 demonstrabimus,
516 437 646 479 etiam
681 437 843 491 puncto
878 438 913 477 Z
951 435 1115 477 oriente
1148 438 1189 477 E
1225 436 1427 478 occidere.

0 499 1 514 ³
75 503 272 546 similiter
297 505 441 545 autem
461 505 503 544 et
523 516 671 544 omnes
694 503 854 556 stellae,
880 516 988 556 quae
1008 502 1053 543 in
1074 500 1234 543 circulo
1254 501 1428 543 zodiaco

75 572 116 611 et
140 583 225 624 eae,
250 582 359 624 quae
383 568 429 610 in
454 567 759 623 aequinoctiali
783 568 904 609 iuxta
929 567 1185 608 diametrum
1206 567 1430 622 oppositae

76 637 187 691 sunt,
213 635 441 690 coniugate
467 637 509 676 et
535 634 733 675 oriuntur
757 636 801 675 et
827 632 1037 675 occidunt.

701 774 797 818 VII.

135 860 328 904 Circulus
354 860 553 903 zodiacus
578 863 670 902 toto
697 861 794 902 loco
819 859 1075 915 horizontis,
1111 860 1187 914 qui
1214 860 1326 902 inter
1353 860 1431 902 cir-

77 926 194 970 culos
225 926 415 982 tropicos
448 929 524 982 est,
556 929 599 969 et
625 926 763 968 oritur
789 928 831 968 et
857 924 1023 981 occidit,
1055 926 1092 967 si
1116 926 1328 968 maximus
1355 925 1431 967 cir-

76 992 287 1048 culorum,
326 992 401 1047 qui
438 1007 607 1047 semper
643 991 864 1047 conspicui
902 993 1020 1046 sunt,
1058 1006 1144 1033 non
1182 992 1319 1034 maior
1356 995 1431 1046 est,

79 1073 204 1113 quam
225 1058 414 1101 circulus
441 1058 647 1113 tropicus,
676 1060 717 1099 et
743 1057 1042 1100 conversiones
1067 1057 1173 1100 facit
1196 1057 1242 1099 in
1267 1059 1433 1100 contra—

79 1123 162 1166 rias
194 1125 337 1178 partes
370 1138 415 1165 se
441 1138 630 1169 movens.
678 1138 778 1165 nam
805 1123 841 1165 si
867 1122 1035 1165 ortibus
1061 1123 1115 1165 ad
1139 1122 1362 1165 meridiem
1388 1137 1433 1165 se

77 1191 238 1244 movet,
269 1189 491 1232 occasibus
523 1189 577 1231 ad
609 1188 922 1244 septentriones
955 1203 1000 1231 se
1031 1203 1208 1231 movens
1240 1188 1433 1244 adparet3

79 1254 142 1297 sin
168 1257 313 1297 autem
339 1254 505 1297 ortibus
533 1254 586 1297 ad
612 1253 926 1310 septentriones
953 1268 996 1296 se
1023 1257 1179 1309 movet,
1211 1254 1433 1298 occasibus

79 1319 131 1360 ad
155 1319 376 1362 meridiem
408 1334 452 1362 se
478 1322 647 1363 vertens
675 1320 861 1375 adparet.
913 1322 956 1362 et
981 1319 1064 1363 alio
1091 1323 1285 1376 tempore
1310 1319 1434 1362 aliter

81 1399 206 1440 super
229 1400 308 1428 nos
334 1388 431 1428 stat.

139 1450 194 1493 sit
226 1451 269 1493 in
302 1451 461 1494 mundo
493 1451 675 1493 horizon
700 1453 844 1507 ΑΒΓ,
877 1454 920 1493 et
946 1452 1133 1494 aestivus
1159 1452 1352 1507 tropicus
1379 1452 1435 1494 sit

81 1519 178 1571 AA,
203 1516 399 1559 hiemalis
425 1519 567 1559 autem
594 1519 691 1573 BF,
721 1516 920 1559 zodiacus
947 1519 1089 1559 autem
1115 1516 1298 1559 circulus
1322 1517 1436 1573 posi-

81 1580 242 1624 tionem
267 1581 424 1625 habeat
449 1585 585 1638 AER,
612 1585 655 1624 et
679 1585 950 1639 segmentum
970 1585 1094 1625 ΔΕΒ
1121 1582 1201 1625 sub
1227 1585 1342 1625 terra
1367 1583 1436 1637 sit,

82 1649 201 1689 AZB
223 1650 366 1689 autem
387 1662 516 1703 super
534 1651 710 1704 terram3
738 1647 847 1703 dico,
873 1647 1080 1690 circulum
1102 1647 1322 1692 zodiacum
1342 1650 1435 1690 toto

81 1712 174 1754 loco
205 1707 456 1770 horizontis,
488 1714 562 1769 qui
594 1714 707 1756 inter
737 1714 927 1769 tropicos
963 1714 1030 1769 sit,
1062 1716 1105 1755 et
1131 1714 1235 1756 oriri
1261 1716 1305 1756 et
1330 1715 1436 1756 occi-

83 1777 179 1820 dere
210 1780 253 1820 et
284 1779 590 1821 conversionesv
615 1779 755 1822 facere
780 1778 826 1821 in
851 1779 1086 1821 contrarias
1111 1782 1253 1834 partes
1280 1793 1324 1822 se
1349 1794 1437 1822 mo-

83 1845 262 1885 ventem.
311 1859 412 1886 nam
445 1845 482 1886 si
516 1844 683 1888 ortibus
715 1844 768 1887 ad
801 1844 1023 1887 meridiem
1056 1859 1099 1887 se
1125 1847 1287 1900 movet,
1320 1859 1437 1888 occa-

84 1907 199 1951 sibus
237 1909 290 1951 ad
324 1910 638 1965 septentriones
674 1924 718 1952 se
752 1925 929 1952 movens
964 1910 1154 1966 adparet,
1191 1912 1260 1953 sin
1295 1914 1437 1953 autem

85 1974 249 2017 ortibus
280 1975 335 2028 ad
367 1975 680 2031 septentriones
715 1990 758 2018 se
791 1978 953 2033 movet,
985 1976 1210 2019 occasibus
1236 1976 1289 2018 ad
1314 1977 1438 2018 meri-

85 2038 195 2081 diem
227 2054 272 2082 se
303 2055 479 2084 movens
513 2041 700 2097 adparet.
750 2044 793 2084 et
825 2041 909 2084 alio
941 2043 1135 2096 tempore
1160 2042 1286 2084 aliter
1310 2056 1439 2097 super

85 2118 162 2146 nos
188 2107 285 2147 stat.

90 2206 145 2239 12.
170 2202 260 2240 ’ὅταν
285 2225 332 2230 -
359 2208 414 2240 13.
440 2205 595 2253 κύκλου]
620 2218 694 2252 mg.
721 2219 768 2241 m.
797 2211 817 2241 2
844 2207 928 2243 Vat.
1066 2211 1120 2242 18.
1148 2205 1292 2253 ἄλλοτε]
1319 2220 1375 2242 -ο·
1399 2206 1438 2240 in

84 2260 155 2286 ras,
180 2251 223 2287 V.
306 2255 360 2288 19.
386 2252 476 2287 Post
498 2251 676 2298 τροπικός
701 2254 786 2290 add.
814 2254 903 2290 ἔστω
930 2254 1015 2289 Vat.
1091 2258 1146 2290 20.
1174 2254 1263 2289 Post
1289 2253 1331 2289 δέ
1355 2255 1438 2298 (pr.)

86 2295 172 2333 add.
195 2297 372 2343 τροπικός
398 2300 478 2336 Vas
602 2305 658 2337 23.
689 2300 771 2348 τόν]
798 2313 868 2337 om.
895 2302 995 2346 Vat.‚
1028 2301 1117 2337 item
1143 2314 1179 2346 p.
1201 2305 1245 2336 36
1271 2301 1336 2337 lin.
1358 2305 1390 2337 2.

88 2347 144 2380 24.
169 2346 223 2393 τε]
248 2357 319 2383 om.
343 2347 429 2383 Vat.

1178 2408 1227 2442 3*
