1494 2450
131 338 134 341 .
157 301 360 356 τροπικὸς
379 299 401 342 6
416 301 548 348 ΒΓΚ,
567 301 806 355 χειμερινὸς
826 298 872 342 δὲ
892 299 914 342 ὁ
929 303 1080 355 ΛΜΝ,
1101 301 1123 343 ὁ
1144 300 1191 343 δὲ
1211 309 1298 344 τῶν
1317 302 1457 358 ζῳδιί-
1470 302 1477 355 ,ᾗ

92 756 133 786 10

99 1618 140 1649 10

102 1910 140 1940 15

157 67 211 108 88
659 68 961 102 ΦΑΙΝΟΜΕΝΑ
1177 45 1180 48 Δ
1438 0 1463 100 λ

215 171 321 215 ἔστω
341 172 390 215 ἐν
409 175 554 230 κόσμῳ
574 173 729 228 ὁρίζων
749 173 772 216 6
786 175 916 227 ΑΒΓ,
933 172 1133 228 μέγιστος
1151 171 1200 216 δὲ
1219 181 1305 216 τῶν
1321 173 1386 216 ἀεὶ
1401 190 1479 229 qv„-

158 245 297 292 νερῶν
322 236 344 278 6
366 240 464 290 AA,
489 243 576 277 τῶν
595 234 643 277 δὲ
663 235 729 278 ἀεὶ
749 236 931 291 ἀφανῶν
951 236 973 278 ὁ
997 236 1090 290 ΖΗ,
1115 239 1186 279 καὶ
1205 239 1385 292 θερινὸς
1401 243 1479 292 311

157 366 314 414 κύκλος
349 363 480 406 θέσιν
515 363 643 419 ἐχέτω
683 364 753 406 ὁτὲ
788 364 868 417 μὲν
904 365 983 418 τὴν
1023 364 1175 419 REO,
1213 362 1282 407 ὁτὲ
1319 363 1367 408 δὲ
1404 382 1426 407 τ
1471 365 1481 407 i·

159 431 310 480 HTP,
352 426 423 470 καὶ
467 427 726 483 ἀπειλήφθω
763 428 788 482 ἡ
827 430 913 470 ΚΟ
949 428 1202 484 περιφέρεια
1237 431 1294 484 μὴ
1330 430 1492 490 passm„

157 493 436 599 Ξμικυκλίου,
466 492 537 534 καὶ
569 493 641 534 διὰ
666 497 744 534 τοῦ
770 494 810 532 Ε
837 493 1074 548 γεγράφθω
1105 492 1304 546 μέγιστος
1328 493 1451 535 κύκλι
1473 531 1483 552 4

180 558 456 611 φαπτόμενος
491 562 570 597 τοῦ
601 558 749 598 AAE·
800 554 1032 610 ἐφάπτεται
1070 558 1122 611 δὴ
1159 555 1230 598 καὶ
1267 563 1345 599 τοῦ
1380 560 1414 599 Ζ
1464 555 1483 606 ;”

158 622 253 674 ἤτοι
280 621 333 674 δὴ
360 621 432 662 διὰ
456 626 534 662 τοῦ
561 622 605 661 Κ
626 619 844 662 ἐλεύσεται
875 619 916 675 [ὁ
944 623 1035 662 ΕΗ
1045 623 1082 662 Θ
1106 621 1280 676 κύκλος]
1306 621 1332 676 ἢ

159 691 351 727 πεσεῖται
382 685 429 726 τὸ
458 686 500 725 Κ
529 683 586 734 ὡς
617 683 687 726 ε’πὶ
711 684 762 725 τὰ
788 686 824 725 Β
850 683 974 738 μέρη·
1006 682 1138 727 οὐδὲν
1162 685 1244 739 γὰρ
1271 684 1485 745 dtame'psj‘z

161 751 266 791 ἔστω
293 749 315 791 ὁ
341 751 437 790 ΕΗ
443 751 479 790 Θ
508 747 576 790 καὶ
605 750 711 790 ἔστω
738 747 1024 803 ἀσύμπτωτον
1047 749 1095 791 τὸ
1122 748 1204 791 ἀπὸ
1229 755 1308 791 τοῦ
1332 752 1373 790 Ε
1395 749 1470 804 ἡμ

159 814 339 855 κύκλιον
363 812 421 862 ὡς
447 811 513 854 ἐπὶ
538 813 590 854 τὰ
615 814 654 853 Ρ
673 811 779 867 με’ρη
804 819 861 869 τῷ
889 812 973 856 ἀπὸ
999 819 1077 855 τοῦ
1103 817 1145 855 Α
1169 814 1404 871 ἡμικυκλίῳ
1437 835 1453 850 ιι
1480 826 1487 870 g

161 877 228 919 ἐπὶ
260 877 312 918 τὰ
344 879 380 918 Β
413 875 533 931 μέρη.
583 875 672 918 ἐπεὶ
710 873 792 918 οὖν
828 883 906 919 τοῦ
940 879 1076 919 ΑΒΓ
1106 878 1267 919 κύκλου
1300 877 1322 919 ὁ
1354 865 1494 920 πόλ’

159 940 321 995 μεταξύ
359 940 447 982 ἐστι
484 947 573 982 τῶν
605 943 756 994 ΑΔΕ,
787 943 938 994 ΒΚΓ,
975 942 1045 983 καὶ
1081 940 1369 996 γεγραμμένοι

221 1082 315 1123 ἔστω
341 1081 478 1132 ὁρίζων
503 1083 644 1130 κύκλος
669 1081 689 1121 6
716 1085 889 1134 ΑΒΓΔ,
921 1082 1092 1136 μέγιστος
1117 1081 1159 1123 δὲ
1183 1089 1259 1123 τῶν
1283 1082 1345 1123 ἀεὶ
1369 1074 1491 1135 φαν-ῐ·ζ

163 1148 242 1193 ρῶν
268 1141 361 1181 ἔστω
387 1139 407 1180 6
435 1144 528 1191 EZ,
554 1138 713 1194 θερινὸς
737 1139 778 1180 δὲ
804 1138 984 1194 τροπικὸς
1009 1139 1029 1180 6
1055 1144 1143 1190 BA,
1168 1141 1230 1180 καὶ
1257 1141 1348 1182 ἔστω
1374 1140 1394 1182 6
1419 1157 1453 1182 τι
1475 1139 1480 1144 ’

163 1202 317 1238 ΑΒΓΔ
340 1199 457 1246 πόλος
481 1199 621 1251 μεταξὺ
645 1205 720 1239 τῶν
741 1202 835 1248 ΕΖ,
855 1202 944 1249 ΒΑ,
970 1198 990 1239 6
1018 1197 1058 1238 δὲ
1083 1206 1158 1240 τῶν
1185 1200 1332 1256 ζῳδίων
1351 1201 1446 1240 κύκλ

163 1255 254 1298 ποτὲ
279 1256 349 1308 μὲν
375 1256 487 1297 θέσιν
513 1256 622 1309 ἐχέτω
647 1256 698 1305 ὡς
722 1257 794 1308 τὴν
817 1259 960 1309 ΘΗΚ,
985 1256 1074 1298 ποτὲ
1099 1257 1140 1298 δὲ
1165 1257 1217 1305 ὡς
1241 1257 1311 1309 τὴν
1331 1262 1371 1297 A
1379 1261 1431 1297 M

164 1315 228 1355 καὶ
253 1315 488 1366 ἀπειλήφθω
513 1313 536 1366 ἡ
563 1317 648 1354 ΗΚ
673 1315 725 1367 μὴ
752 1316 889 1366 μείζων
914 1314 1158 1367 ἡμικυκλίου,
1189 1315 1253 1355 καὶ
1277 1317 1422 1369 γεγρᾶφ
1489 1319 1494 1373 1

165 1374 229 1413 διὰ
262 1379 331 1414 τοῦ
361 1376 398 1412 Κ
433 1374 594 1425 σημείου
629 1373 802 1426 μέγιστος
836 1374 976 1421 κύκλος
1011 1372 1031 1412 6
1064 1376 1151 1413 KN
1159 1377 1189 1412 Z
1224 1374 1443 1426 ἰφαπτόμεν
1470 1383 1494 1422 ’1

164 1439 232 1471 τοῦ
260 1435 345 1470 ΕΖ.
1475 1457 1484 1475 <

224 1489 305 1530 ἐπεὶ
329 1489 371 1529 ἐν
396 1491 542 1544 σφαίρᾳ
568 1488 741 1542 μέγιστος
760 1490 900 1537 κύκλος
918 1488 939 1531 6
959 1493 1113 1530 ΑΒΓΔ
1130 1491 1273 1530 κύκλου
1291 1488 1395 1538 τινὸς
1414 1479 1494 1539 Essl

166 1548 385 1599 ἐφάπτεται,
420 1547 547 1600 ἕτερον
579 1546 619 1587 δὲ
650 1548 771 1603 τούτῳ
796 1548 1039 1600 παράλληλον
1064 1547 1190 1600 τέμνει
1213 1546 1279 1588 τὸν
1303 1552 1393 1599 ΒΑ,
1427 1536 1494 1602 nd}

167 1605 269 1646 ἐστιν
295 1605 315 1646 6
339 1612 408 1646 τοῦ
434 1608 586 1645 ΑΒΓΔ
609 1606 726 1653 πόλος
751 1606 890 1658 μεταξὺ
915 1612 990 1646 τῶν
1010 1609 1103 1655 ΑΒ,
1124 1610 1217 1656 ΕΖ,
1241 1606 1305 1646 καὶ
1329 1607 1494 1663 γεγραμᾷ

168 1664 275 1716 μένοι
301 1663 372 1704 εἰσὶ
398 1662 565 1718 μέγιστοι
589 1665 724 1704 κύκλοι
749 1665 789 1704 οἱ
811 1665 951 1714 ΘΗΚ,
972 1667 1122 1704 ΛΜΝ
1139 1664 1399 1717 ἐφαπτόμενοι
1423 1680 1464 1706 το
1492 1692 1494 1705 ι

165 1726 256 1775 BA,
287 1723 425 1775 μείζων
456 1721 558 1762 ἐστὶν
583 1721 606 1773 ἡ
637 1724 729 1762 OM
733 1721 770 1765 Ξ
793 1721 1014 1775 περιφέρεια
1043 1728 1111 1774 τῆς
1139 1725 1209 1763 ΟΔ
1238 1724 1459 1776 περιφερεία
1476 1736 1489 1776 j

166 1781 295 1830 πάλιν,
321 1780 401 1821 ἐπεὶ
425 1780 467 1820 ἐν
493 1781 639 1835 σφαίρᾳ
665 1779 837 1833 μέγιστος
855 1781 995 1828 κύκλος
1015 1779 1035 1820 6
1056 1784 1131 1820 AB
1144 1784 1207 1820 ΓΔ
1225 1781 1368 1821 κύκλου
1387 1778 1469 1821 τινὰ

166 1840 234 1878 τὀῦ
267 1842 345 1878 ΕΖ
382 1839 606 1889 ἐφάπτεται,
644 1838 771 1892 ἕτερον
809 1837 849 1878 δὲ
887 1840 1008 1893 τούτῳ
1045 1839 1289 1892 παράλληλον
1324 1837 1391 1879 τὸν
1420 1842 1452 1879 Β

167 1896 303 1949 τέμνει,
328 1898 396 1936 καί
417 1896 519 1936 ἐστιν
544 1895 564 1936 6
590 1903 657 1936 τοῦ
677 1899 830 1936 ΑΒΓΔ
854 1897 998 1936 κύκλου
1017 1897 1134 1944 πόλος
1154 1897 1292 1948 μεταξὺ
1310 1904 1387 1937 τῶν
1405 1894 1494 1951 ΒΑξ

166 1959 262 2005 ΕΖ,
288 1955 352 1995 καὶ
376 1955 582 2008 γέγραπται
608 1954 781 2008 μέγιστος
799 1956 939 2002 κύκλος
958 1953 978 1994 6
1001 1957 1083 1994 ΖΝ
1087 1957 1123 1994 Κ
1140 1954 1405 2006 ἐφαπτόμενος
1424 1956 1494 2002 τοῦ

167 2017 265 2062 ΕΖ,
298 2012 362 2053 καὶ
393 2012 414 2053 6
445 2019 513 2053 τοῦ
540 2016 624 2066 ΖΝ
629 2015 665 2051 Κ
697 2011 771 2067 ἄρα
801 2013 946 2052 κύκλου
977 2013 1093 2060 πόλος
1123 2013 1260 2063 μεταξὺ
1291 2019 1368 2053 τῶν
1399 2006 1494 2052 EZf'

170 2074 240 2111 BA
265 2071 390 2111 ἐστιν·
424 2070 444 2111 6
470 2070 544 2123 ἄρα
568 2070 693 2123 ἕτερος
717 2071 835 2118 πόλος
859 2070 980 2110 αὐτοῦ
1005 2070 1145 2122 μεταξὺ
1163 2077 1239 2111 τῶν
1260 2072 1355 2111 ἴσων
1373 2087 1410 2111 τε
1428 2030 1494 2113 καί

170 2129 428 2181 παραλλήλων
459 2133 539 2176 τοῖς
565 2132 660 2179 ΕΖ,
686 2132 755 2168 ΒΑ
785 2128 898 2168 ἐστιν.
946 2130 1084 2181 μείζων
1116 2127 1190 2180 ἄρα
1222 2128 1324 2168 ἐστὶν
1357 2127 1381 2180 ἡ
1411 2127 1494 2174 KQ

98 2199 143 2229 20
170 2194 237 2239 τῆς
265 2189 421 2238 ΟΜΝ,
447 2181 502 2226 ὧν
527 2185 551 2237 ἡ
577 2185 708 2230 ΞΜΟ
732 2193 800 2239 τῆς
823 2189 892 2226 ΟΔ
917 2187 1054 2239 μείζων
1078 2186 1198 2226 ἐστίν·
1229 2186 1343 2238 λοιπὴ
1368 2186 1442 2240 ἄρα

230 2262 263 2288 a.
290 2257 322 2288 2.
348 2252 518 2297 ἀφανῶν]
544 2259 716 2297 φανερῶν
741 2262 775 2288 a.
825 2256 856 2288 5.
883 2244 1451 2298 Km—WH

166 2299 308 2345 κύκλος]
335 2298 450 2334 deleo.
1487 2308 1494 2359 {
