1494 2450
71 813 113 844 10

69 1133 112 1164 15

68 1454 111 1486 20

66 1775 109 1806 25

146 66 228 107 162
528 68 808 102 KATATOMH
830 70 1081 104 ΚΑΝΟΝΟΣ

1436 0 1494 75 33

1444 65 1494 158 3}

142 173 340 223 πλάσιος·
366 171 476 228 φημὶ
496 174 566 215 καὶ
584 174 663 216 τὸν
678 177 713 215 Β
731 180 810 216 τοῦ
826 177 867 216 Γ
879 172 990 217 εἶναι
1007 177 1342 219 πολλαπλάσιον.
1372 142 1494 238 ἐπιῦ
1490 170 1494 226 ἱ

142 237 224 291 γὰρ
250 236 272 278 ὁ
287 241 329 278 Δ
353 243 431 279 τοῦ
446 239 487 279 Γ
499 237 818 288 πολλαπλάσιός
836 237 940 291 ἐστι,
963 246 1111 293 μετρεῖ
1126 240 1209 291 ἄρα
1229 240 1251 282 6
1267 242 1308 281 Γ
1321 241 1396 284 τὸν
1490 241 1494 289 1

143 300 364 356 ἐμάθομεν
383 300 487 355 δέ,”
463 317 544 351 οτι,
563 301 639 343 ἐὰν
658 299 766 344 ὦσιν
785 301 966 357 ἀριθμοὶ
986 302 1201 356 ἀνάλογον
1213 303 1417 347 6aoooto*

141 364 164 406 6
191 363 239 407 δε
263 373 431 420 πρῶτος
455 367 532 408 τὸν
557 368 738 420 ἔσχατον
756 373 901 421 μετρῇ,
926 366 997 408 καὶ
1016 369 1119 416 τοὺς
1127 367 1294 446 fatal-{2¹2
1312 361 1465 430 μετρήξ
1490 371 1494 416 ἰ

142 439 218 471 σει.
249 436 394 485 μετρεῖ
412 430 495 485 ἄρα
515 429 536 471 ὁ
554 432 595 471 Γ
606 430 684 472 τὸν
703 433 757 471 Β·
783 431 1139 480 πολλαπλάσιος’
1123 433 1204 486 άρα
1223 431 1245 473 6
1264 434 1301 473 B
1319 438 1396 474 τοῦ
1416 431 1464 481 Β.-
1490 437 1494 464 ¹

778 535 827 590 γ’.

1457 493 1492 527 3

193 609 448 666 Ἐπιμορίου
480 612 766 666 διαστήματος
797 611 940 661 οὐδεὶς
970 610 1118 667 μέσος,
1149 613 1249 654 οὔτε
1279 608 1340 662 εἷς
1364 601 1491 657 οὔτε

138 676 327 727 πλείους,
353 675 572 729 ἀνάλογον
596 676 837 730 ἐμπεσεῖται
863 675 1060 728 ἀριθμός.

196 736 303 780 ἔστω
324 739 406 794 γὰρ
426 738 653 795 ἐπιμόριον
666 739 879 793 διάστημα
891 741 939 781 τὸ
953 741 1044 781 ΒΓ·

140 802 355 857 ἐλάχιστοι
374 802 420 845 δε
441 802 490 845 ἐν
507 809 565 860 τῷ
586 803 701 860 αὐτῷ
722 806 834 860 λόγῳ
847 811 937 853 τοῖς
951 806 1053 858 Β,Γ

138 865 332 909 ἔστωσαν
357 868 398 909 οἱ
419 871 518 921 ΔΖ,
541 871 589 909 Θ.
627 864 747 910 οὗτοι
770 865 852 910 οὖν
870 867 955 910 ὑπὸ
974 883 1047 922 μο-

138 931 270 980 νάδος
286 932 422 986 μόνης
434 938 690 987 μετροῦνται
704 938 856 974 κοινοῦ
874 931 1046 986 μέτρου.

138 995 270 1049 ἄφελε
307 1000 405 1038 ἴσον
441 1001 499 1053 τῷ
534 999 571 1038 Θ
606 997 683 1038 τὸν
715 999 765 1037 Η
768 999 811 1037 Ζ.
853 996 925 1038 καὶ
955 995 1046 1038 ἐπεὶ

137 1057 359 1114 ἐπιμόριός
378 1060 496 1102 ἐστιν
515 1060 537 1102 6
551 1063 633 1102 AZ
652 1066 730 1102 τοῦ
748 1063 798 1114 Θ,
817 1061 843 1114 ἡ
855 1060 1045 1115 ὑπεροχὴ

138 1123 161 1165 6
187 1126 286 1164 AH
311 1127 462 1166 κοινὸν
490 1123 648 1180 μέτρον
677 1130 755 1166 τοῦ
785 1136 831 1166 τε
856 1128 899 1166 Δ
909 1127 943 1166 Ζ
973 1124 1044 1166 καὶ

136 1193 215 1229 τοῦ
238 1190 275 1229 Θ
293 1187 403 1230 ἐστί·
433 1189 568 1243 μονὰς
587 1190 670 1243 ἄρα
689 1188 711 1231 6
732 1191 837 1230 AH·
863 1190 943 1230 οὐκ
962 1188 1045 1243 ἄρα

137 1251 379 1306 ἐμπεσεῖται
399 1253 460 1302 εἰς
471 1254 575 1302 τοὺς
589 1257 631 1294 Δ
637 1255 683 1304 Ζ,
700 1255 737 1293 Θ
749 1251 878 1306 μέσος
888 1252 1042 1302 οὐδείς.

135 1313 255 1357 ἔσται
286 1316 368 1371 γὰρ
400 1316 423 1357 6
455 1315 674 1370 ἐμπίπτων
703 1323 782 1358 τοῦ
807 1319 894 1357 ΔΖ
928 1316 1041 1358 ἐλάτ-

135 1395 236 1433 των,
254 1386 333 1422 τοῦ
352 1379 399 1422 δὲ
420 1383 458 1421 Θ
475 1381 642 1434 μείζων,
662 1381 767 1422 ὥστε
783 1380 862 1433 τὴν
874 1381 1042 1432 μονάδα

137 1444 417 1499 διαιρεῖσθαι,
447 1444 552 1499 ὅπερ
583 1443 812 1486 ἀδύνατον.
856 1444 935 1486 οὐκ
960 1445 1043 1497 ἄρα

136 1508 377 1560 ἐμπεσεῖται
397 1509 458 1558 εἰς
475 1511 578 1558 τοὺς
599 1511 693 1562 ΔΖ,
716 1511 753 1550 Θ
770 1524 845 1558 τις.
879 1508 975 1550 ὅσοι
995 1505 1043 1549 δὲ

135 1573 196 1621 εἰς
237 1573 340 1621 τοὺς
382 1572 630 1627 ἐλαχίστους
667 1571 790 1626 μέσοι
826 1571 1043 1626 ἀνάλογον

134 1634 407 1691 ἐμπίπτουσι,
436 1643 636 1679 τοσοῦτοι
660 1637 732 1678 καὶ
757 1637 817 1686 εἰς
840 1638 943 1686 τοὺς
966 1637 1043 1678 τὸν

135 1699 270 1742 αὐτὸν
303 1702 435 1754 λόγον
464 1698 641 1756 ἔχοντας
672 1699 890 1754 ἀνάλογον
922 1700 1042 1755 ἐμπε-

136 1770 327 1807 σοῦνται.
377 1765 523 1815 owen,-
554 1765 602 1806 δὲ
633 1766 694 1814 εἰς
723 1765 824 1814 τοὺς
855 1767 950 1818 ΔΖ,
985 1767 1022 1806 Θ
1059 1763 1321 1819 ἐμπεσεῖται,
1358 1753 1483 1819 οὐδὲ1

135 1829 196 1877 εἰς
219 1830 322 1878 τοὺς
347 1832 398 1883 Β,
416 1831 466 1892 Γ
486 1829 741 1884 ἐμπεσεῖται.

193 1906 224 1936 3.
257 1903 406 1948 ἐμάθομ
409 1915 459 1938 εν.
496 1903 587 1938 haec
619 1903 769 1947 quidem
798 1902 910 1937 verba
939 1903 978 1937 iu
998 1901 1161 1936 Euclidis
1181 1901 1368 1936 elementis
1388 1912 1462 1936 ιιοιι

134 1949 372 1984 inveniuntur
407 1949 466 1994 (cf.
499 1949 671 1995 Heiberg‚
708 1949 975 1994 litterargesch.
1008 1948 1160 1983 Studien
1192 1948 1282 1983 fiber
1313 1947 1460 1996 Euklid,

134 1995 168 2030 S.
190 1998 258 2040 53).
306 1996 430 2031 Habes
456 1998 580 2031 tamen
606 1997 644 2031 in
669 1995 889 2039 E1.V111,7
916 1995 1023 2030 haec:
1059 1994 1125 2030 ἐὰν
1150 1991 1237 2030 ὦσιν
1262 1974 1473 2030 ὁποσοιοῦν

134 2042 291 2098 ἀριθμοὶ
321 2042 434 2089 [ἑξῆς]
465 2042 668 2088 ἀνάλογον,
699 2042 718 2077 ὁ
750 2043 790 2078 δὲ
815 2048 957 2086 πρῶτος
980 2039 1045 2077 τὸν
1070 2042 1220 2087 ἔσχατον
1245 2046 1372 2087 μετρῇ,
1397 2040 1474 2078 aab?

135 2102 176 2123 το
163 2103 201 2124 w
223 2089 394 2132 δεύτερον
420 2089 594 2134 μετρήσει.
632 2100 676 2124 ex
701 2089 834 2134 quibus
859 2089 971 2124 etiam
997 2099 1092 2132 quae
1116 2089 1185 2123 hoe
1212 2088 1292 2123 loco
1312 2088 1460 2123 demon·
1444 2105 1473 2117 -ι

134 2137 313 2170 straturus
339 2138 394 2171 est
418 2136 588 2171 Euclides
614 2135 790 2170 facillime
815 2137 1023 2179 sequuntur.

195 2204 223 2235 1.
257 2201 350 2245 φημὶ
376 2199 423 2243 δή
447 2200 512 2234 Μ’.
605 2204 636 2235 2.
661 2202 695 2234 Γ
716 2199 808 2243 (alt.)
851 2203 878 2234 B
905 2199 962 2234 W.

132 2246 275 2291 Porph.,
290 2246 433 2290 ἔμαθον
447 2248 529 2282 cett.
564 2247 650 2281 Post
662 2245 801 2291 ἀριθμο
830 2246 914 2280 add.
928 2198 1266 2292 ἐφεξῆςδᾘῡέιιιέθομ
1270 2198 1471 2291 ἱνὶτξὲτῖἓ,

133 2303 223 2328 corr.
248 2274 296 2328 M.
378 2295 500 2339 μετρῇ]
527 2293 567 2337 Β,
592 2299 715 2338 μετρεῖ
738 2294 822 2328 cett.
938 2295 968 2328 7.
995 2293 1117 2333 οὐδεὶς
1140 2291 1247 2337 μέσος
1271 2292 1330 2336 W,
1355 2290 1469 2336 μέσοι)

1148 743 1184 781 Β

1458 2370 1473 2450 3
