1456 2456
541 68 908 105 PROLEGOMENA
1315 71 1401 106 XIX

111 179 227 215 codex
245 189 266 212 v
285 178 325 213 in
344 177 531 223 particula
547 188 660 222 quam
679 175 848 211 continet
865 176 1092 212 recensionis
1109 186 1133 213 a
1152 178 1253 212 omni
1273 189 1408 223 genere

52 233 268 270 mendorum
289 230 593 267 stultissimorum
612 229 774 275 turpiter
787 229 1016 264 deformatus
1037 230 1110 274 est3
1130 230 1196 266 cfr.
1210 243 1246 276 p.
1259 235 1292 274 2,
1303 233 1407 275 8,16;

11 329 14 332 ⁴
52 290 197 331 4,4,22;
225 289 416 329 8,2‚3‚13;
440 287 653 328 12,6,7,20;
675 286 777 327 14,5;
800 285 908 326 16,4;
930 286 1032 327 18,9;
1060 287 1158 326 24,7.
1198 284 1408 329 descriptus

52 342 107 376 est
131 341 256 375 autem
283 349 303 374 e
329 339 476 382 codice,
507 338 547 372 in
572 348 646 382 quo
671 336 956 372 terminationes
982 337 1074 372 satis
1107 348 1219 383 saepe
1247 338 1408 383 scriptae

26 429 30 433 .
53 395 159 429 erant
178 392 422 438 compendiis,
448 402 545 436 quae
564 391 739 426 librarius
766 402 838 425 non
866 391 967 425 recte
992 390 1180 426 intellexit
1205 403 1249 427 ac
1271 391 1408 427 litteris

0 442 2 473 ἵ
51 446 216 483 reddidit
239 446 432 491 perversis,
458 445 560 480 volut
585 457 620 490 p.
636 447 808 488 2,13‚22;
834 446 981 487 4,8,20;
1009 447 1131 488 6‚3,8;
1160 447 1267 489 10,5;
1294 448 1350 488 20,
1363 448 1408 479 24

53 503 130 546 (τον
154 511 221 545 pro
246 498 321 544 τό),
353 502 397 533 29
424 500 481 544 (τη
506 509 573 543 pro
598 497 697 542 τόν),
724 501 781 541 22,
796 502 834 540 9;
862 501 918 541 24,
932 500 988 532 25.
1032 498 1170 544 mirum
1196 498 1409 543 admodum,

52 553 152 599 quod
176 564 198 587 v
223 552 388 588 concinit
413 564 497 587 cum
522 551 559 586 v'
581 564 617 596 p.
632 556 665 594 4,
680 554 734 592 17,
749 555 804 594 19,
819 554 875 594 21,
890 554 935 585 25
961 550 1001 584 in
1026 556 1098 596 γῆν
1121 563 1189 597 pro
1214 557 1282 598 γῆς
1307 554 1344 587 et
1370 553 1408 586 in

51 606 194 642 mendis
220 618 257 651 p.
270 609 326 650 10,
340 609 440 649 5,19.
474 604 616 640 scholia
641 617 695 640 nr.
710 608 768 648 46,
783 608 826 638 47
851 604 890 638 in
915 606 1022 639 textu
1046 605 1214 650 praebet.
1246 618 1282 651 p.
1297 609 1408 648 18,16

51 662 94 696 ut
112 659 153 695 v'
172 670 304 695 novam
330 659 466 704 incipit
489 658 802 704 propositionem3
829 658 1078 703 propositioni
1099 659 1148 694 III
1172 659 1326 694 titulum
1346 659 1409 694 de-

53 714 108 749 dit
127 713 252 754 ἄλλως.
285 712 554 758 antigraphum
580 711 675 746 illud
701 712 780 746 sine
801 711 914 747 dubio
934 711 1072 757 figuras
1094 713 1233 748 codicis
1247 712 1276 748 V
1299 723 1409 758 prae-

51 768 150 810 buit;
182 779 204 801 v
229 767 310 812 ipse
343 766 466 811 spatia
483 776 611 812 ,vacua
642 765 807 809 reliquit.
852 765 891 799 in
917 766 1174 811 propositione
1199 766 1233 801 II
1257 766 1408 801 litteras

13 819 19 835 ²
52 821 100 856 ad
125 821 263 866 figuras
289 820 501 865 spectantes
527 831 563 864 p.
579 822 635 863 20,
651 822 696 853 20
721 819 776 854 ita
802 819 1006 864 copulavit,
1032 822 1075 854 ut
1101 820 1282 855 scriberet
1303 823 1350 855 M
1358 821 1408 864 Θ,

11 883 18 923 ‘3
51 875 90 910 in
115 873 243 909 ceteris
273 875 403 908 contra
428 872 489 907 lv‘
513 872 660 907 litteras
693 883 807 917 supra
839 873 997 918 scriptas
1027 884 1096 918 pro
1121 873 1258 908 litteris
1285 875 1409 908 textus

52 927 190 964 codicis
216 926 248 961 V
274 927 313 960 in
338 928 481 961 textum
504 926 662 970 recepit:
692 926 792 962 lin.8
818 928 999 971 ΑΗΘΚ,
1031 931 1051 961 9
1082 928 1131 972 Θ,
1165 931 1208 962 16
1235 929 1329 971 ΚΘ,
1364 931 1407 962 17

12 979 18 1020 ἶ
51 982 139 1024 ΛΠ,
165 984 210 1015 24
230 982 285 1024 H;
311 980 568 1015 inconstanter
593 991 628 1024 p.
644 983 700 1023 22,
717 983 736 1014 7
756 982 810 1023 M,
837 983 857 1014 8
882 982 920 1015 Ν
943 981 1109 1017 retinuit.

18 1030 21 1032 ’
111 1034 380 1069 Recensionem
411 1033 436 1068 b
468 1033 508 1067 in
541 1033 671 1077 primis
707 1034 859 1078 quidem
892 1035 977 1069 octo
1011 1034 1331 1080 propositionibus
1364 1045 1409 1070 ex

52 1088 183 1124 eodem
208 1087 313 1123 fonte
336 1087 543 1122 derivatam
569 1098 648 1123 esse
675 1089 788 1132 atque
809 1097 832 1123 a
858 1088 1117 1123 demonstrant
1142 1099 1283 1124 encres
1310 1099 1410 1123 com-

51 1152 182 1177 munes
206 1152 242 1186 p.
257 1144 290 1185 4,
306 1145 366 1184 15;
399 1144 432 1184 8,
448 1144 486 1183 83
521 1145 576 1186 12,
592 1145 630 1185 9;
665 1144 720 1184 18,
736 1145 796 1184 193
830 1144 887 1184 24,
904 1145 941 1184 ’ῖς
973 1145 1031 1186 42,
1047 1146 1090 1177 15
1117 1143 1155 1177 et
1179 1141 1409 1187 interpolata

7 1205 12 1223 ε
50 1206 137 1241 pars
162 1205 267 1240 prop.
287 1194 331 1229 ΙΙ.
376 1195 560 1230 accedunt
591 1194 664 1229 loci
690 1194 890 1230 admodum
918 1196 1084 1241 suspecti
1114 1208 1150 1241 p.
1167 1199 1333 1239 10,23--
1345 1200 1408 1239 24,

53 1252 161 1292 12,5;
193 1252 328 1292 24,11;
361 1252 472 1292 36,4;
505 1253 563 1292 56,
578 1253 609 1284 6.
654 1248 762 1283 testis
788 1250 914 1284 autem
939 1260 1010 1284 rec.
1031 1250 1057 1285 b
1087 1249 1199 1295 longe
1225 1249 1409 1293 antiquis·

8 1300 13 1335 ’ζ
53 1302 168 1337 simus
194 1302 469 1347 fidissimusque
495 1303 552 1337 est
577 1302 656 1337 eod.
672 1302 756 1337 Vat.
786 1303 823 1336 et
854 1302 910 1337 ita
940 1303 1161 1347 fidissimus,
1192 1305 1236 1338 ut
1259 1305 1410 1348 praeter

13 1355 15 1358 '
51 1367 165 1390 unum
191 1355 304 1390 ceteri
331 1366 457 1390 omnes
483 1356 531 1390 ad
558 1366 642 1391 eum
668 1355 726 1390 vel
751 1355 800 1390 ad
830 1356 910 1391 eius
936 1356 1182 1402 archetypum
1209 1357 1317 1402 quasi
1342 1368 1409 1402 pa-

50 1411 193 1444 rentem
224 1409 380 1444 redeant
410 1411 448 1444 et
480 1410 646 1445 sincerae
679 1410 886 1455 scripturae
911 1421 984 1445 non
1012 1409 1237 1446 subveniant
1260 1410 1334 1445 nisi
1362 1410 1409 1445 iis

7 1461 14 1500 ’,
50 1462 154 1506 locis,
179 1462 246 1497 ubi
271 1473 354 1497 cum
371 1462 456 1498 Vat.
478 1465 699 1509 congruunt.
731 1463 830 1498 unde
857 1463 1029 1506 efficitur,
1056 1475 1112 1509 ea,
1138 1476 1234 1509 quae
1259 1464 1334 1499 iam
1362 1465 1408 1499 de

4 1534 14 1563 ‚²5
52 1515 218 1552 cod.Vat.
240 1515 420 1561 adferam,
447 1517 496 1551 ad
520 1527 592 1552 rec.
613 1517 638 1553 b
664 1517 859 1562 pertinere.
894 1516 1062 1553 cod.Vat.
1083 1517 1212 1563 igitur,
1239 1517 1408 1561 quamvis

51 1569 185 1605 ceteris
218 1570 402 1614 praestet,
440 1571 626 1606 erroribus
660 1573 787 1606 tamen
822 1581 1061 1616 nequaquam
1095 1572 1222 1614 vacat3
1260 1573 1409 1616 praeter

4 1655 7 1664 f
50 1623 186 1658 menda
205 1634 289 1658 cum
307 1633 416 1658 teca
433 1624 644 1659 communia
660 1636 691 1659 v.
706 1628 900 1670 p.2,1,12;
920 1628 1091 1668 4,15,17;
1113 1628 1282 1669 6,13,16;
1303 1628 1407 1669 8,16;

3 1672 14 1698 ἢ
53 1680 181 1721 10,21;
210 1680 312 1720 12‚1;
341 1680 557 1721 18,11-—14,
585 1682 742 1720 25-263
769 1681 974 1721 22,22,24;
1002 1681 1279 1722 24,16‚24‚25;
1306 1681 1408 1723 28,5,

3 1723 14 1780 ξ
53 1734 114 1773 12;
144 1733 277 1774 32,15;
311 1733 516 1775 34,12‚24;
550 1735 755 1776 36,1o‚12;
789 1735 947 1774 38‚2‚5;
972 1734 1108 1775 40‚26;
1135 1735 1246 1776 48,5;
1273 1735 1408 1776 54‚10;

5 1785 7 1789 ’
51 1786 274 1827 60,21—-22;
301 1787 428 1828 80,11;
455 1788 583 1829 88‚15;
610 1789 714 1829 92‚3;
737 1788 929 1828 102‚4‚12;
951 1788 1102 1828 106‚15;
1125 1789 1254 1829 108‚2;
1277 1790 1408 1830 110,5;

52 1840 187 1881 112,8;
222 1840 498 1882 114,7,10,13;
531 1843 688 1883 116‚12;
724 1842 929 1882 120‚1,10;
963 1842 1407 1883 122,5‚16,20,25,29;

3 1895 6 1901 .
52 1893 322 1935 124,2,13,17;
351 1895 429 1936 128,
445 1895 476 1935 ο,
492 1895 555 1935 30;
584 1896 715 1937 132,4;
745 1896 825 1936 152,
840 1896 894 1926 21.
927 1895 1108 1937 p.70‚19;
1136 1896 1245 1936 72‚3;
1274 1896 1406 1936 76,5‚9

50 1944 245 1979 verborum
269 1944 358 1980 ordo
385 1946 416 1979 si
442 1956 516 1981 non
542 1957 748 1991 perversus,
770 1947 810 1980 at
829 1947 928 1980 certe
949 1956 1038 1980 sane
1058 1957 1171 1990 quam
1196 1946 1312 1981 mirus
1339 1948 1406 1981 est.

4 2005 5 2009 ¹
51 1997 279 2032 emendatrix
304 1998 462 2043 adparet
484 2010 618 2034 manus
638 2004 654 2034 1
677 2012 711 2045 p.
727 2004 760 2042 2,
777 2003 833 2043 12,
849 2003 910 2042 16;
936 2004 970 2042 4,
985 2003 1024 2042 83
1052 2003 1108 2042 18,
1123 2003 1186 2043 253
1213 2003 1269 2043 30,
1284 2004 1321 2043 2;
1351 2003 1407 2043 70,

4 2090 9 2095 .
52 2053 114 2094 103
141 2055 274 2094 76,25;
300 2054 410 2095 88,2;
438 2056 544 2097 92,1;
572 2057 703 2097 96‚11;
732 2057 879 2097 118,17,
896 2056 957 2095 233
986 2057 1134 2096 120‚10.
1171 2054 1407 2098 potissimum

2 2127 4 2130 »
52 2105 176 2139 autem
202 2104 370 2151 cod.Vat.
391 2108 577 2141 correctus
603 2109 662 2142 est
687 2118 709 2141 a
733 2107 888 2142 librario
914 2117 985 2142 sec.
1000 2106 1069 2142 XV
1088 2117 1202 2142 manu
1228 2119 1302 2142 non
1322 2118 1407 2142 raro

50 2156 170 2201 felici,
202 2158 353 2203 saepius
384 2160 519 2195 audaci
533 2160 575 2205 ¹),
607 2161 712 2196 cuius
744 2160 948 2206 scripturas
980 2161 1183 2195 maximam
1216 2162 1360 2206 partem
1388 2171 1407 2195 e

51 2210 131 2245 cod.
151 2211 266 2247 Marc.
286 2215 352 2246 301
379 2213 519 2258 petitas
546 2214 619 2249 huc
645 2225 860 2259 congeram:

113 2319 146 2362 1)
173 2318 244 2354 crr.
266 2319 336 2355 vol.
346 2319 397 2355 v1
421 2320 600 2365 p.xvn1.

1143 2380 1190 2414 b*
