1494 2450
562 73 905 109 PHAENOMENA
1358 74 1410 116 21

0 205 1 210 ¹
63 180 319 241 positionem
345 182 520 225 habebit
545 183 663 225 velut
682 185 870 225 ΜΒΝΓ.
903 182 985 224 iam
1009 183 1211 238 quoniam
1231 183 1414 225 circulus

64 251 246 293 ΜΒΝΓ
260 248 466 292 circulum
488 250 618 291 ΗΒΓ
630 264 707 304 per
726 248 850 304 polos
870 251 995 300 secat,
1022 251 1064 290 et
1084 249 1129 290 in
1149 249 1252 290 duas
1273 251 1414 304 partes

63 314 257 371 aequales
271 329 368 357 eum
382 314 543 356 secabit
556 316 598 356 et
613 315 665 356 ad
680 315 861 370 angulos
874 317 1015 356 rectos
1036 314 1264 371 (Theodos.
1279 314 1312 369 I,
1329 313 1414 370 15).

64 395 164 437 ergo
185 379 369 423 circulus
389 380 588 422 zodiacus
610 380 661 421 ad
675 379 943 423 horizontem
958 379 1325 436 perpendicularis
1340 383 1415 422 est.

122 446 179 488 sit
203 448 346 488 autem
373 445 498 500 polus
524 444 762 487 horizontis
789 446 901 488 inter
920 446 1110 502 tropicos
1130 449 1336 501 punctum
1361 450 1415 502 03

65 511 174 566 dico,
206 510 412 553 circulum
439 512 525 552 KA
556 511 609 552 ad
634 510 901 554 horizontem
927 511 994 554 bis
1020 511 1414 567 perpendicularem

65 577 165 620 fore.

123 642 415 684 describantur
440 657 517 698 per
536 643 683 698 polum
708 646 744 685 Ο
771 643 918 685 circuli
942 644 1118 686 maximi
1139 646 1273 697 ΣΟΤ,
1299 647 1422 686 ΠΟΡ

65 707 267 750 circulum
295 710 484 750 AHMK
506 709 821 764 contingentes;
850 709 1102 766 contingent
1128 709 1262 765 igitur
1287 710 1414 752 etiam

64 773 268 816 circulum
293 776 387 816 NP
421 773 494 830 (ib.
521 772 574 827 II,
601 771 659 830 6).
711 776 754 815 et
793 775 995 829 quoniam
1035 777 1082 816 Π
1091 777 1175 817 ΟΡ
1209 775 1416 819 circulum

122 915 281 961 Figurae
314 915 471 950 vitiosae
507 914 615 950 codd.
648 925 672 950 a
708 916 757 951 ad
788 916 1057 962 interpolatam
1091 916 1418 952 demonstrationis

64 964 208 1008 partem
233 963 303 998 hae
330 964 432 997 sunt:

102 2210 167 2247 διὰ
189 2216 255 2247 τοῦ
279 2210 396 2247 πόλου
420 2216 485 2256 τῆς
510 2208 674 2255 σφαίρας

180 2258 313 2299 κύκλος
336 2256 592 2305 μεσημβρινός.

130 2366 172 2401 In
196 2365 258 2411 fig.
281 2369 299 2400 1
326 2376 397 2401 om.
424 2379 459 2410 μ,
486 2366 519 2412 β,
545 2365 585 2400 in
610 2364 672 2409 fig.
695 2368 714 2397 2
741 2376 776 2408 μ,
803 2376 823 2408 γ
843 2363 882 2396 L.
