1494 2450
513 70 679 106 PHAEN
682 70 816 106 OMEN
820 71 853 106 A
1302 71 1356 112 41

7 176 10 236 s
43 183 236 226 ntriones
267 197 311 225 se
342 184 497 236 movet,
534 179 757 224 occasibus
784 180 837 222 ad
862 179 1085 222 meridiem
1113 194 1157 222 se
1184 194 1359 222 movens

5 244 187 306 hdparet.
239 248 576 290 demonstratum
612 249 754 288 autem
788 249 865 300 est,
897 245 1090 300 eundem,
1122 246 1159 287 si
1192 244 1359 288 ortibus

0 315 55 371 gad
87 314 306 357 meridiem
339 328 384 355 se
415 315 604 368 moveat,
637 311 856 354 occasibus
888 311 942 353 ad
974 310 1287 366 septentriones
1315 325 1359 352 se

0 374 244 437 moventem
272 379 486 434 adparere.

0 478 1 499 2
61 448 103 488 et
127 445 402 487 manifestum
429 446 504 495 est,
531 458 627 485 eum
654 442 739 485 alio
766 448 958 498 tempore
984 442 1108 485 aliter
1134 457 1262 498 super
1280 456 1359 484 nos

0 514 125 555 stare.

61 591 158 619 nam
192 576 229 618 si
261 577 482 619 contactus
515 575 663 618 circuli
696 574 858 617 zodiaci
889 577 932 616 et
964 574 1112 617 circuli
1138 574 1288 616 aestivi
1315 574 1359 615 in

2 645 162 700 puncto
193 641 335 684 medio
368 643 434 684 est
465 641 674 697 segmenti
706 641 856 683 circuli
888 641 1059 695 aestivi,
1091 639 1207 696 quod
1233 654 1360 695 super

4 711 158 751 terram
186 710 262 762 est,
288 707 339 749 ad
365 721 444 749 nos
470 707 733 749 rectissimus
759 706 859 763 erit3
886 707 953 748 sin
972 709 1115 748 autem
1136 705 1179 748 in
1200 708 1359 761 puncto

3 773 143 817 medio
177 775 241 816 est
274 772 485 830 segmenti
517 771 667 814 circuli
699 772 866 827 aestivi,
901 772 1014 826 quod
1042 771 1120 814 sub
1147 775 1260 814 terra
1285 773 1362 826 est,

4 839 56 882 ad
90 853 169 881 nos
203 839 473 881 humillimus
508 838 607 894 erit3
645 840 687 880 et
721 837 927 880 remotior
962 852 1130 893 semper
1163 838 1301 879 factus
1337 852 1361 878 a

3 907 162 962 puncto
183 904 323 946 medio
343 904 558 960 segmenti
578 903 727 946 circuli
745 903 910 959 aestivi,
931 903 1046 958 quod
1061 918 1189 958 super
1202 905 1360 945 terram

7 965 83 1026 est,
102 970 238 1027 magis
258 970 340 1012 erit
358 969 606 1026 inclinatus;
634 969 834 1012 similiter
853 972 995 1011 autem
1016 970 1098 1011 erit
1116 968 1362 1022 inclinatus,

8 1035 42 1078 si
78 1035 133 1077 ab
171 1035 337 1078 utrovis
375 1038 535 1091 puncto
574 1035 716 1077 medio
755 1035 924 1090 aequali
963 1035 1190 1078 intervallo
1229 1034 1362 1076 distat

7 1099 234 1158 (Theodos.
259 1100 313 1155 II,
341 1101 428 1156 22).

625 1237 739 1280 VIII.

68 1333 200 1391 Signa
232 1333 532 1390 inaequalibus
564 1334 796 1391 segmentis
828 1333 1064 1376 horizontis
1097 1337 1139 1376 et
1165 1334 1364 1377 oriuntur

10 1402 51 1442 et
89 1399 307 1455 occidunt,
344 1414 393 1442 ac
431 1400 630 1442 maximis
669 1399 841 1455 quidem
880 1415 945 1455 ea,
984 1414 1092 1455 quae
1130 1400 1182 1442 ad
1220 1399 1364 1455 aequi-

7 1465 238 1508 noctialem
266 1468 377 1520 sunt,
403 1465 642 1508 minoribus
662 1468 803 1507 auten]
826 1480 886 1520 ea,
913 1481 1021 1520 quae
1039 1466 1143 1508 haec
1163 1466 1363 1522 deinceps

10 1532 256 1586 sequuntur,
295 1530 484 1574 minimis
522 1534 664 1573 autem
704 1546 764 1585 ea,
803 1547 910 1586 quae
948 1531 1000 1573 ad
1031 1533 1221 1587 tropicos
1252 1535 1364 1586 sunt,

10 1596 258 1652 aequalibus
277 1599 420 1638 autem
441 1611 502 1653 ea,
522 1612 630 1652 quae
650 1597 703 1639 ab
724 1597 1027 1652 aequinoctiali
1048 1597 1216 1652 aequali
1238 1598 1365 1639 inter-

10 1663 122 1704 vallo
149 1661 320 1704 distant.

69 1727 127 1768 sit
156 1727 200 1768 in
231 1727 391 1770 mundo
424 1727 608 1770 circulus
639 1728 818 1771 horizon
850 1730 1047 1783 ΑΒΓΔ,
1085 1729 1241 1784 tropici
1267 1731 1365 1783 ΛΓ,

11 1794 112 1847 ΒΔ,
149 1792 346 1835 zodiacus
384 1796 528 1836 autem
567 1793 750 1836 circulus
789 1794 1048 1849 positionem
1083 1794 1241 1837 habeat
1271 1797 1366 1849 ΒΓ,
1430 1832 1435 1837 .

15 1857 341 1912 aequinoctialis
367 1861 510 1901 autem
537 1859 721 1902 circulus
739 1862 831 1914 EZ,
856 1862 900 1902 et
924 1862 1107 1915 uterque
1126 1874 1250 1903 arcus
1273 1863 1367 1915 ΓΗ,

14 1925 101 1964 ΗΒ
136 1923 181 1964 in
213 1926 298 1965 tres
329 1926 471 1979 partes
498 1924 696 1980 aequales
723 1925 938 1967 dividatur
963 1926 1007 1967 in
1031 1926 1203 1981 punctis
1229 1929 1287 1982 N,
1313 1929 1366 1981 K,

13 1991 76 2043 Π,
107 1991 158 2044 T3
194 1989 310 2044 dico,
341 2004 462 2032 arcus
490 1993 594 2045 ΓΝ,
629 1993 739 2046 ΝΚ,
772 1993 885 2045 KH,
918 1994 1033 2046 HH,
1060 1995 1168 2047 HT,
1202 1995 1278 2034 ΤΒ
1307 1992 1365 2034 in-

13 2054 266 2108 aequalibus
292 2055 526 2112 segmentis
550 2056 790 2106 horizontis
817 2059 859 2098 et
885 2057 989 2099 oriri
1014 2059 1058 2099 et
1084 2057 1288 2112 occidere,
1319 2072 1367 2099 ac

13 2119 211 2161 maximis
237 2119 411 2176 quidem
437 2123 539 2176 KH,
565 2124 669 2177 HH,
701 2122 939 2164 minoribus
971 2125 1114 2165 autem
1143 2125 1243 2178 KN,
1270 2125 1369 2179 HT,

14 2223 61 2246 m.
90 2217 107 2247 1
135 2214 178 2248 V.
237 2213 394 2262 ἀνίσοις]
422 2229 447 2250 α
472 2215 511 2250 in
536 2226 608 2250 ras.
635 2216 679 2252 V.
825 2220 882 2252 22.
908 2218 949 2253 ἐν
974 2218 1114 2264 κόσμω]
1141 2228 1212 2253 om.
1238 2217 1318 2252 Vat.

16 2263 71 2294 24.
106 2261 192 2307 ΒΓ]
220 2264 286 2296 ΓΒ
312 2262 392 2298 Vat.
468 2263 569 2318 BFJ·
590 2275 665 2310 mg,
697 2261 864 2309 μέγιστος
894 2265 936 2300 δὲ
960 2270 1036 2300 τῶν
1061 2254 1121 2300 ἆεὶ
1147 2270 1323 2310 φανερῶν
1349 2263 1367 2298 ὁ

17 2308 93 2342 ΦΧ
121 2319 171 2343 m.
197 2312 218 2342 2
244 2308 278 2343 V
308 2308 523 2357 (κείμενον),
558 2322 598 2348 111
631 2312 738 2347 textu
773 2314 858 2359 post
894 2315 964 2350 ΒΓ
994 2312 1039 2357 v’,
1076 2314 1162 2360 post
1192 2316 1257 2350 ΒΔ
1283 2311 1367 2348 Vat-

16 2357 72 2392 26.
99 2352 154 2391 ὅτι
178 2356 244 2392 καί
268 2356 349 2394 vat.
