1494 2450
133 79 189 122 32
630 83 941 120 ΦΑΙΝΟΜΕΝΑ

127 189 266 228 ΕΖΔ·
299 188 369 229 καὶ
394 185 502 229 ἔστω
528 189 580 230 τὰ
604 187 713 245 ὑπὲρ
739 196 823 244 γῆν
847 193 1040 245 τμήματα
1059 193 1110 233 τὰ
1129 195 1285 247 ΑΗΒ,
1302 196 1453 236 ΕΗΖ·

1465 0 1489 26 :Pl-⁷

1476 175 1489 199 ἰ,

1479 229 1482 237 ι

130 252 237 293 κατὰ
262 252 493 306 διάμετρον
518 253 600 305 ἄρα
626 251 714 295 ἐστὶ
740 254 788 295 τὸ
813 252 893 308 μὲν
913 259 954 297 A
979 263 1156 309 σημεῖον
1179 261 1237 313 τῷ
1259 259 1309 310 Β,
1333 258 1381 299 τὸ
1406 256 1454 300 δὲ

131 318 172 356 Ε
193 319 254 371 τῷ
279 319 332 356 Z·
365 314 491 369 λέγω,
517 316 582 358 ὅτι
607 317 659 358 τά
683 333 727 358 τε
753 322 807 371 Α,
833 321 870 359 Β
895 326 1047 373 σημεῖα
1070 319 1142 362 καὶ
1167 321 1218 361 τὰ
1243 323 1294 374 Ε,
1322 324 1356 362 Ζ
1381 332 1454 375 ση-

129 386 227 431 μεῖα
251 380 358 421 κατὰ
383 382 592 433 συζυγίαν
618 380 835 423 ἀνατέλλει
862 397 908 424 τε
933 381 1004 424 καὶ
1030 383 1164 425 δύνει.

85 448 105 478 ὅ
189 444 296 484 ἔστω
322 443 556 485 ἀνατολικὰ
579 444 660 497 μὲν
678 445 730 486 τὰ
749 450 803 498 A,
825 448 866 487 Γ
877 445 997 500 μέρη,
1023 447 1177 489 δυτικὰ
1197 446 1246 490 δὲ
1263 449 1315 490 τὰ
1334 452 1383 502 Β,
1402 452 1453 504 Ε,

130 507 199 548 καὶ
237 505 428 549 ἔστωσαν
464 509 731 563 παράλληλοι
767 510 933 564 κύκλοι,
969 508 1072 552 καθ’
1103 508 1164 553 ὧν
1197 511 1372 567 φέρεται
1402 514 1452 556 τὰ

130 575 183 624 Α,
210 574 246 612 Β
278 578 431 626 σημεῖα
463 573 504 613 οἱ
531 575 572 614 A
582 575 639 626 Θ,
663 575 758 626 ΒΓ,
787 573 859 615 καὶ
891 576 997 616 ἔστω
1023 575 1071 616 τὸ
1095 572 1175 628 μὲν
1200 580 1241 617 A
1251 579 1288 617 Θ
1313 582 1453 631 τμῆμα

128 636 176 676 τὸ
202 634 310 690 ὑπὲρ
332 642 427 690 γῆν,
453 637 501 678 τὸ
522 634 569 678 δὲ
589 639 677 678 ΒΓ
690 637 738 679 τὸ
757 637 843 679 ὑπὸ
864 644 957 692 γῆν.
987 637 1078 681 ἐπεὶ
1098 640 1204 681 κατὰ
1223 640 1453 696 διάμετρόν

129 698 219 740 ἐστι
245 700 292 742 τὸ
318 699 398 754 μὲν
426 704 463 741 A
489 707 668 756 σημεῖον
692 705 750 759 τῷ
771 705 822 755 Β,
852 703 900 745 τὸ
929 702 977 744 δὲ
1000 706 1037 743 Ε
1059 707 1116 759 τῷ
1139 706 1192 757 Ζ,
1225 708 1295 759 ἴση
1320 705 1402 759 ἄρα
1425 706 1451 759 ἡ

59 770 101 801 10
128 766 208 805 ΕΒ
233 764 486 820 περιφέρεια
510 771 560 820 τῇ
587 769 675 807 ΑΖ
706 768 973 822 περιφερείᾳ·
1017 767 1110 809 ἀλλ’
1138 769 1164 822 ἡ
1189 771 1271 810 ΕΒ
1296 775 1346 824 τῇ
1376 772 1459 811 ΖΓ

127 831 197 881 ἴση
231 827 364 870 ἐστίν·
408 829 479 870 καὶ
505 829 530 883 ἡ
557 833 644 871 AZ
677 831 759 885 ἄρα
789 836 840 885 τῇ
869 833 953 872 ΖΓ
979 835 1050 885 ἴση
1083 830 1209 873 ἐστιν.
1259 835 1333 874 καί
1361 832 1451 876 ἐστι

124 891 323 946 μέγιστος
355 899 444 935 τῶν
477 895 764 948 παραλλήλων
798 894 820 935 ὸ
847 897 991 936 ΕΖΔ·
1042 899 1134 944 ἴσος
1167 897 1249 951 ἄρα
1281 895 1397 939 ἐστὶν
1427 898 1450 940 ὁ
1486 890 1492 917 3

126 959 214 997 ΛΘ
237 957 394 1006 κύκλος
419 962 479 1014 τῷ
500 959 589 998 ΒΓ
607 959 764 1015 κύκλῳ.
796 961 872 999 καί
894 958 1013 1000 ἐστιν
1038 959 1183 1001 αὐτῶν
1201 961 1251 1001 τὰ
1271 960 1450 1012 ἐναλλὰξ

123 1021 317 1074 τμήματα
342 1022 393 1063 τὰ
419 1024 527 1075 ΑΘ,
553 1023 654 1063 ΒΓ·
688 1026 758 1076 ἴση
785 1022 867 1076 ἄρα
893 1021 1010 1064 ἐστὶν
1035 1023 1060 1077 ἡ
1086 1026 1176 1065 ΑΘ
1198 1024 1450 1079 περιφέρεια
1491 1022 1493 1024 ’

56 1091 98 1122 15
125 1090 174 1139 τῇ
202 1086 287 1126 ΒΓ
316 1088 585 1142 περιφερείᾳ·
635 1084 684 1128 ἐν
719 1087 796 1142 ἰσῳ
834 1086 918 1142 ἄρα
948 1089 1088 1143 χρόνῳ
1122 1088 1170 1129 τὸ
1196 1091 1239 1130 Α
1273 1097 1450 1143 σημεῖον
1487 1101 1489 1103 ’

122 1149 203 1202 τὴν
228 1152 270 1190 Α
281 1152 318 1190 Θ
354 1149 635 1205 περιφέρειαν
669 1151 850 1193 διελθὸν
883 1149 953 1192 ἐπὶ
986 1152 1035 1194 τὸ
1070 1155 1108 1192 Θ
1136 1151 1342 1206 παρέσται
1378 1153 1448 1195 καὶ

122 1213 170 1254 τὸ
198 1215 234 1254 Β
260 1214 339 1266 τὴν
369 1216 453 1255 ΒΓ
471 1214 653 1256 διελθὸν
678 1213 747 1256 ἐπὶ
772 1215 821 1256 τὸ
847 1220 885 1256 Γ
902 1214 1121 1269 παρέσται.
1164 1215 1273 1258 ἀλλὰ
1296 1217 1345 1258 τὸ
1370 1217 1449 1270 μὲν

123 1281 164 1317 A
188 1278 269 1329 τὴν
289 1280 377 1318 ΑΘ
402 1278 583 1319 διελθὸν
608 1277 679 1320 καὶ
705 1276 774 1320 ἐπὶ
798 1279 846 1320 τὸ
871 1282 908 1321 Θ
932 1282 1285 1335 παραγενόμενον
1311 1282 1448 1336 δύνει,

121 1342 169 1382 τὸ
201 1338 248 1382 δὲ
275 1344 311 1382 Β
337 1342 416 1396 τὴν
441 1344 529 1383 ΒΓ
556 1342 737 1384 διελθὸν
768 1343 840 1384 καὶ
866 1342 935 1385 ἐπὶ
959 1345 1007 1385 τὸ
1037 1346 1078 1385 Γ
1094 1347 1448 1399 παραγενόμενον

51 1411 96 1442 20
122 1404 364 1447 ἀνατέλλει·
390 1412 468 1447 τοῦ
489 1410 531 1447 Α
557 1407 640 1461 ἄρα
666 1407 878 1457 δύνοντος
901 1408 949 1449 τὸ
971 1410 1006 1449 Β
1027 1407 1260 1450 ἀνατέλλει.
1292 1409 1448 1463 ὁμοίως

121 1466 167 1510 δὲ
194 1469 403 1523 δείξομεν,
430 1470 496 1512 ὅτι
521 1471 591 1512 καὶ
616 1477 693 1513 τοῦ
721 1475 760 1512 A
785 1470 1095 1522 ἀνατέλλοντος
1119 1473 1166 1514 τὸ
1192 1475 1229 1513 Β
1255 1474 1389 1516 δύνει.

177 1534 324 1587 πάλιν,
363 1532 452 1575 ἐπεὶ
490 1535 746 1588 ἡμικύκλιόν
783 1534 901 1577 ἐστιν
937 1535 1140 1589 ἑκάτερον
1176 1544 1263 1578 τῶν
1293 1540 1446 1590 ΕΗΖ,

122 1600 255 1652 ΖΔΕ,
276 1601 344 1651 ἴση
366 1596 484 1639 ἐστὶν
503 1598 529 1652 ἡ
548 1602 673 1640 ΖΔΕ
689 1598 943 1655 περιφέρεια
962 1606 1011 1655 τῇ
1024 1603 1160 1641 ΕΗΖ
1180 1604 1444 1657 περιφερείᾳ·
1488 1639 1492 1650 ,

119 1660 166 1703 ἐν
198 1661 276 1718 ἴσῳ
308 1661 391 1716 ἄρα
423 1664 562 1718 χρόνῳ
594 1663 642 1704 τὸ
672 1666 705 1704 Ζ
740 1669 918 1717 σημεῖον
948 1665 1028 1717 τὴν
1056 1667 1139 1705 ΖΕ
1166 1664 1447 1720 περιφέρειαν

49 1732 92 1763 25
119 1726 300 1767 διελθὸν
336 1724 403 1768 ἐπὶ
429 1727 476 1767 τὸ
501 1729 543 1767 Ε
572 1726 778 1782 παρέσται
803 1727 874 1769 καὶ
900 1728 948 1769 τὸ
965 1731 1004 1769 Ε
1026 1729 1104 1782 τὴν
1121 1732 1202 1770 ΕΔ
1212 1731 1246 1769 Ζ
1270 1729 1444 1783 περιφέ-

178 1849 208 1879 1.
238 1846 355 1892 ΕΖΔ]
381 1848 450 1880 ΕΖ
475 1846 557 1881 Vat.
607 1846 696 1881 Post
720 1846 766 1882 τά
785 1849 864 1892 (pr.)
889 1847 956 1882 ins.
983 1847 1048 1892 μέν
1072 1848 1153 1883 vat.
1204 1851 1235 1883 2.
1262 1848 1347 1894 ἄρα]
1373 1859 1442 1883 om.

117 1892 199 1934 Vat,
225 1903 336 1936 supra
360 1893 444 1927 add.
471 1904 517 1927 m.
539 1897 571 1928 2.
621 1897 652 1929 3.
679 1895 820 1939 σημεῖα]
846 1894 992 1938 punctis
1019 1894 1088 1929 del.
1109 1895 1188 1930 Vnt.
1239 1900 1271 1930 ὃ.
1298 1895 1345 1942 Γ]
1373 1905 1441 1930 om.

116 1939 198 1973 Vah.
239 1939 283 1984 E]
311 1949 380 1973 om.
408 1940 490 1974 Vat.
542 1943 572 1974 7.
600 1939 650 1986 οἱ]
677 1951 764 1975 corr.
793 1952 835 1975 ex
861 1940 879 1975 ὁ
905 1941 946 1976 V.
997 1944 1028 1976 8.
1055 1946 1122 1986 γῆν
1147 1942 1244 1988 (pr.)]
1269 1946 1336 1986 γῆς
1360 1942 1442 1977 vat.

116 1983 208 2030 ἐπεί]
236 1997 346 2029 supra.
371 1986 454 2020 add.
476 1984 539 2021 καί
564 1998 610 2020 m.
638 1990 657 2020 2
684 1987 766 2022 Vat.
841 1991 871 2022 9.
899 1987 989 2032 ἄρα]
1014 1998 1083 2022 om.
1105 1988 1185 2022 Vat.
1234 1987 1273 2034 ἡ]
1300 1986 1396 2023 ἐστίν
1419 1988 1442 2033 ἡ

116 2031 198 2066 Vat.
298 2036 350 2066 11.
377 2030 440 2067 καί
466 2034 554 2078 ἐστι]
580 2045 652 2078 mg.
679 2045 726 2067 m.
753 2037 773 2067 2
799 2033 840 2068 V.
957 2037 1009 2068 12.
1038 2035 1156 2080 ΕΖΔ]
1183 2036 1285 2069 ΕΔΖ
1312 2034 1393 2069 Vat.

118 2082 170 2112 14.
197 2080 273 2113 ΑΘ
298 2079 394 2125 (pr.)]
420 2082 490 2113 ΑΖ
515 2080 557 2115 V.
650 2084 702 2115 15.
727 2085 770 2126 τῇ
800 2083 868 2115 ΒΓ
890 2079 1119 2126 περιφερείᾳ]
1146 2092 1216 2125 mg.
1242 2093 1289 2116 m.
1317 2084 1336 2115 2
1362 2081 1440 2117 Vat.

116 2128 170 2159 21.
198 2124 254 2170 δέ]
281 2125 327 2170 δή
353 2126 435 2160 Vat.
558 2130 612 2161 22.
641 2127 768 2172 ΕΗΖ]
795 2137 883 2161 corr.
910 2137 954 2162 ex
980 2116 1095 2162 ΕΖΗ
1118 2128 1158 2162 v.
1275 2132 1328 2162 24.
1357 2128 1440 2173 ΖΕ]
1492 2160 1494 2162 ,

118 2173 230 2206 ΖΗΕ
255 2172 338 2206 Vat.

172 2275 293 2311 Verba
328 2277 465 2321 figurae
501 2278 580 2312 cod.
613 2278 645 2312 V
679 2279 714 2312 et
747 2277 933 2322 adscripta
968 2279 1006 2312 et
1039 2277 1214 2323 inscripta
1249 2289 1319 2313 om.
1344 2279 1439 2322 Vah,

115 2323 204 2357 item
228 2323 267 2357 in
292 2334 418 2368 propp.
445 2335 545 2368 seqq.
