<?xml version="1.0" encoding="UTF-8"?>
<!DOCTYPE html PUBLIC "-//W3C//DTD XHTML 1.0 Transitional//EN"
    "http://www.w3.org/TR/xhtml1/DTD/xhtml1-transitional.dtd">
<html xmlns="http://www.w3.org/1999/xhtml" xml:lang="en" lang="en">
 <head>
  <title>
</title>
<meta http-equiv="Content-Type" content="text/html;charset=utf-8" />
  <meta name='ocr-system' content='tesseract 3.04.00' />
  <meta name='ocr-capabilities' content='ocr_page ocr_carea ocr_par ocr_line ocrx_word'/>
</head>
<body>
  <div class='ocr_page' id='page_1' title='image "./euclidisoperaomn08eucluoft_0060.png"; bbox 0 0 1456 2456; ppageno 0'>
   <div class='ocr_carea' id='block_1_1' title="bbox 36 937 78 967">
    <p class='ocr_par' dir='ltr' id='par_1_1' title="bbox 36 937 78 967">
     <span class='ocr_line' id='line_1_1' title="bbox 36 937 78 967; baseline -0.024 0"><span class='ocrx_word' id='word_1_1' title='bbox 36 937 78 967; x_wconf 92' lang='lat'><strong><em>10</em></strong></span> 
     </span>
    </p>
   </div>
   <div class='ocr_carea' id='block_1_2' title="bbox 34 1257 74 1287">
    <p class='ocr_par' dir='ltr' id='par_1_2' title="bbox 34 1257 74 1287">
     <span class='ocr_line' id='line_1_2' title="bbox 34 1257 74 1287; baseline 0 0"><span class='ocrx_word' id='word_1_2' title='bbox 34 1257 74 1287; x_wconf 83' lang='lat'><strong><em>15</em></strong></span> 
     </span>
    </p>
   </div>
   <div class='ocr_carea' id='block_1_3' title="bbox 31 1576 75 1607">
    <p class='ocr_par' dir='ltr' id='par_1_3' title="bbox 31 1576 75 1607">
     <span class='ocr_line' id='line_1_3' title="bbox 31 1576 75 1607; baseline 0.023 -1"><span class='ocrx_word' id='word_1_3' title='bbox 31 1576 75 1607; x_wconf 86' lang='lat'><strong><em>20</em></strong></span> 
     </span>
    </p>
   </div>
   <div class='ocr_carea' id='block_1_4' title="bbox 97 349 1456 1883">
    <p class='ocr_par' dir='ltr' id='par_1_4' title="bbox 97 349 1456 1874">
     <span class='ocr_line' id='line_1_4' title="bbox 160 349 1456 411; baseline 0.001 -19"><span class='ocrx_word' id='word_1_4' title='bbox 160 350 332 405; x_wconf 84' lang='grc' dir='ltr'><strong><em>Ἐπειδὴ</em></strong></span> <span class='ocrx_word' id='word_1_5' title='bbox 367 349 516 403; x_wconf 84' lang='grc' dir='ltr'><strong><em>ὁρᾶται</em></strong></span> <span class='ocrx_word' id='word_1_6' title='bbox 551 350 602 391; x_wconf 86' lang='grc' dir='ltr'><strong><em>τά</em></strong></span> <span class='ocrx_word' id='word_1_7' title='bbox 636 349 803 404; x_wconf 77' lang='grc' dir='ltr'><em>ἀπλανῆ</em></span> <span class='ocrx_word' id='word_1_8' title='bbox 838 351 973 403; x_wconf 76' lang='grc' dir='ltr'><strong><em>ἄστρα</em></strong></span> <span class='ocrx_word' id='word_1_9' title='bbox 1006 350 1071 392; x_wconf 74' lang='grc' dir='ltr'><strong><em>ἀεὶ</em></strong></span> <span class='ocrx_word' id='word_1_10' title='bbox 1106 350 1150 392; x_wconf 86' lang='grc' dir='ltr'><strong><em>ἐκ</em></strong></span> <span class='ocrx_word' id='word_1_11' title='bbox 1183 357 1262 393; x_wconf 88' lang='grc' dir='ltr'><strong><em>τοῦ</em></strong></span> <span class='ocrx_word' id='word_1_12' title='bbox 1296 351 1456 411; x_wconf 55' lang='grc' dir='ltr'><strong><em>αὐτοῦ]</em></strong></span> 
     </span>
     <span class='ocr_line' id='line_1_5' title="bbox 107 413 1456 469; baseline 0.001 -14"><span class='ocrx_word' id='word_1_13' title='bbox 107 416 241 456; x_wconf 86' lang='grc' dir='ltr'><strong>τόπου</strong></span> <span class='ocrx_word' id='word_1_14' title='bbox 267 413 557 456; x_wconf 79' lang='grc' dir='ltr'><strong><em>ἀνατέλλοντα</em></strong></span> <span class='ocrx_word' id='word_1_15' title='bbox 582 414 652 455; x_wconf 83' lang='grc' dir='ltr'><strong><em>καὶ</em></strong></span> <span class='ocrx_word' id='word_1_16' title='bbox 673 416 733 463; x_wconf 81' lang='grc' dir='ltr'><strong><em>εἰς</em></strong></span> <span class='ocrx_word' id='word_1_17' title='bbox 752 414 829 456; x_wconf 89' lang='grc' dir='ltr'><strong><em>τὸν</em></strong></span> <span class='ocrx_word' id='word_1_18' title='bbox 849 414 983 456; x_wconf 90' lang='grc' dir='ltr'><strong><em>αὐτὸν</em></strong></span> <span class='ocrx_word' id='word_1_19' title='bbox 1001 416 1135 456; x_wconf 82' lang='grc' dir='ltr'><strong><em>τόπον</em></strong></span> <span class='ocrx_word' id='word_1_20' title='bbox 1155 417 1342 469; x_wconf 87' lang='grc' dir='ltr'><strong><em>δυόμενα</em></strong></span> <span class='ocrx_word' id='word_1_21' title='bbox 1361 413 1456 461; x_wconf 44' lang='lat' dir='ltr'><strong><em>uulf</em></strong></span> 
     </span>
     <span class='ocr_line' id='line_1_6' title="bbox 105 476 1434 533; baseline 0.002 -14"><span class='ocrx_word' id='word_1_22' title='bbox 105 479 157 519; x_wconf 80' lang='grc' dir='ltr'><strong><em>τὰ</em></strong></span> <span class='ocrx_word' id='word_1_23' title='bbox 187 479 273 532; x_wconf 77' lang='grc' dir='ltr'><strong><em>ἅμα</em></strong></span> <span class='ocrx_word' id='word_1_24' title='bbox 305 477 594 519; x_wconf 80' lang='grc' dir='ltr'><strong><em>ἀνατέλλοντα</em></strong></span> <span class='ocrx_word' id='word_1_25' title='bbox 625 476 690 519; x_wconf 86' lang='grc' dir='ltr'><strong><em>ἀεὶ</em></strong></span> <span class='ocrx_word' id='word_1_26' title='bbox 722 478 808 532; x_wconf 77' lang='grc' dir='ltr'><strong><em>ἅμα</em></strong></span> <span class='ocrx_word' id='word_1_27' title='bbox 839 477 1128 520; x_wconf 80' lang='grc' dir='ltr'><strong><em>ἀνατέλλοντα</em></strong></span> <span class='ocrx_word' id='word_1_28' title='bbox 1164 479 1235 520; x_wconf 80' lang='grc' dir='ltr'><strong><em>καὶ</em></strong></span> <span class='ocrx_word' id='word_1_29' title='bbox 1265 480 1316 520; x_wconf 84' lang='grc' dir='ltr'><strong><em>τὰ</em></strong></span> <span class='ocrx_word' id='word_1_30' title='bbox 1347 480 1434 533; x_wconf 78' lang='grc' dir='ltr'><strong><em>ἅμα</em></strong></span> 
     </span>
     <span class='ocr_line' id='line_1_7' title="bbox 105 540 1429 597; baseline 0.001 -14"><span class='ocrx_word' id='word_1_31' title='bbox 105 543 296 594; x_wconf 89' lang='grc' dir='ltr'><strong><em>δυόμενα</em></strong></span> <span class='ocrx_word' id='word_1_32' title='bbox 328 541 392 583; x_wconf 79' lang='grc' dir='ltr'><strong><em>ἀεὶ</em></strong></span> <span class='ocrx_word' id='word_1_33' title='bbox 426 543 511 594; x_wconf 78' lang='grc' dir='ltr'><strong><em>ἅμα</em></strong></span> <span class='ocrx_word' id='word_1_34' title='bbox 544 542 733 594; x_wconf 83' lang='grc' dir='ltr'><strong><em>δυόμενα</em></strong></span> <span class='ocrx_word' id='word_1_35' title='bbox 763 540 832 583; x_wconf 86' lang='grc' dir='ltr'><strong><em>καὶ</em></strong></span> <span class='ocrx_word' id='word_1_36' title='bbox 869 541 917 583; x_wconf 85' lang='grc' dir='ltr'><strong><em>ἐν</em></strong></span> <span class='ocrx_word' id='word_1_37' title='bbox 947 548 996 597; x_wconf 77' lang='grc' dir='ltr'><strong><em>τῇ</em></strong></span> <span class='ocrx_word' id='word_1_38' title='bbox 1029 541 1098 583; x_wconf 86' lang='grc' dir='ltr'><strong><em>ἀπ’</em></strong></span> <span class='ocrx_word' id='word_1_39' title='bbox 1122 542 1334 596; x_wconf 80' lang='grc' dir='ltr'><strong><em>ἀνατολῆς</em></strong></span> <span class='ocrx_word' id='word_1_40' title='bbox 1364 542 1429 585; x_wconf 76' lang='grc' dir='ltr'><strong><em>ἐπὶ</em></strong></span> 
     </span>
     <span class='ocr_line' id='line_1_8' title="bbox 107 606 1456 667; baseline 0.001 -20"><span class='ocrx_word' id='word_1_41' title='bbox 107 607 236 648; x_wconf 89' lang='grc' dir='ltr'><strong><em>δύσιν</em></strong></span> <span class='ocrx_word' id='word_1_42' title='bbox 262 611 379 662; x_wconf 77' lang='grc' dir='ltr'><strong><em>φορᾷ</em></strong></span> <span class='ocrx_word' id='word_1_43' title='bbox 403 606 455 647; x_wconf 83' lang='grc' dir='ltr'><strong><em>τὰ</em></strong></span> <span class='ocrx_word' id='word_1_44' title='bbox 473 606 580 659; x_wconf 85' lang='grc' dir='ltr'><strong><em>πρὸς</em></strong></span> <span class='ocrx_word' id='word_1_45' title='bbox 600 606 763 659; x_wconf 85' lang='grc' dir='ltr'><strong><em>άλληλα</em></strong></span> <span class='ocrx_word' id='word_1_46' title='bbox 782 606 1048 660; x_wconf 82' lang='grc' dir='ltr'><strong><em>διαστήματα</em></strong></span> <span class='ocrx_word' id='word_1_47' title='bbox 1066 607 1118 647; x_wconf 93' lang='grc' dir='ltr'><strong><em>τα</em></strong></span> <span class='ocrx_word' id='word_1_48' title='bbox 1137 607 1245 648; x_wconf 83' lang='grc' dir='ltr'><strong><em>αὐτὰ</em></strong></span> <span class='ocrx_word' id='word_1_49' title='bbox 1265 609 1456 661; x_wconf 84' lang='grc' dir='ltr'><strong><em>ἔχοντα,</em></strong></span> <span class='ocrx_word' id='word_1_50' title='bbox 1450 644 1456 667; x_wconf 68' lang='lat'><strong>⁴</strong></span> 
     </span>
     <span class='ocr_line' id='line_1_9' title="bbox 104 668 1456 724; baseline 0.001 -13"><span class='ocrx_word' id='word_1_51' title='bbox 104 676 231 711; x_wconf 85' lang='grc' dir='ltr'><strong><em>τοῦτο</em></strong></span> <span class='ocrx_word' id='word_1_52' title='bbox 259 670 307 711; x_wconf 81' lang='grc' dir='ltr'><strong><em>δὲ</em></strong></span> <span class='ocrx_word' id='word_1_53' title='bbox 332 672 496 723; x_wconf 80' lang='grc' dir='ltr'><strong><em>γίνεται</em></strong></span> <span class='ocrx_word' id='word_1_54' title='bbox 528 669 596 710; x_wconf 81' lang='grc' dir='ltr'><strong><em>ἐπὶ</em></strong></span> <span class='ocrx_word' id='word_1_55' title='bbox 627 677 714 711; x_wconf 82' lang='grc' dir='ltr'><strong><em>τῶν</em></strong></span> <span class='ocrx_word' id='word_1_56' title='bbox 746 668 975 723; x_wconf 81' lang='grc' dir='ltr'><strong><em>ἐγκύκλιον</em></strong></span> <span class='ocrx_word' id='word_1_57' title='bbox 1006 671 1150 724; x_wconf 81' lang='grc' dir='ltr'><strong><em>φορὰν</em></strong></span> <span class='ocrx_word' id='word_1_58' title='bbox 1181 670 1456 724; x_wconf 80' lang='grc' dir='ltr'><strong><em>φερομένων</em></strong></span> 
     </span>
     <span class='ocr_line' id='line_1_10' title="bbox 103 704 1456 796; baseline 0.001 -22"><span class='ocrx_word' id='word_1_59' title='bbox 103 736 254 788; x_wconf 89' lang='grc' dir='ltr'><strong><em>μόνον,</em></strong></span> <span class='ocrx_word' id='word_1_60' title='bbox 286 733 394 775; x_wconf 80' lang='grc' dir='ltr'><strong><em>ἐπὰν</em></strong></span> <span class='ocrx_word' id='word_1_61' title='bbox 419 733 444 787; x_wconf 81' lang='grc' dir='ltr'><em>ἡ</em></span> <span class='ocrx_word' id='word_1_62' title='bbox 470 734 568 782; x_wconf 81' lang='grc' dir='ltr'><strong><em>ὄψις</em></strong></span> <span class='ocrx_word' id='word_1_63' title='bbox 593 733 731 788; x_wconf 85' lang='grc' dir='ltr'><strong><em>πάντῃ</em></strong></span> <span class='ocrx_word' id='word_1_64' title='bbox 764 739 838 786; x_wconf 79' lang='grc' dir='ltr'><strong><em>τῆς</em></strong></span> <span class='ocrx_word' id='word_1_65' title='bbox 862 735 1136 788; x_wconf 80' lang='grc' dir='ltr'><strong><em>περιφερείας</em></strong></span> <span class='ocrx_word' id='word_1_66' title='bbox 1163 738 1258 775; x_wconf 75' lang='grc' dir='ltr'><strong><em>ἴσον</em></strong></span> <span class='ocrx_word' id='word_1_67' title='bbox 1284 704 1456 796; x_wconf 61' lang='grc' dir='ltr'><strong><em>ἀπέχῃ,ἔ</em></strong></span> 
     </span>
     <span class='ocr_line' id='line_1_11' title="bbox 105 797 1456 852; baseline 0 -13"><span class='ocrx_word' id='word_1_68' title='bbox 105 797 161 846; x_wconf 83' lang='grc' dir='ltr'><strong><em>ὡς</em></strong></span> <span class='ocrx_word' id='word_1_69' title='bbox 187 798 234 839; x_wconf 84' lang='grc' dir='ltr'><strong><em>έν</em></strong></span> <span class='ocrx_word' id='word_1_70' title='bbox 259 805 349 846; x_wconf 79' lang='grc' dir='ltr'><strong><em>τοῖς</em></strong></span> <span class='ocrx_word' id='word_1_71' title='bbox 380 797 571 846; x_wconf 82' lang='grc' dir='ltr'><strong><em>ὀπτικοῖς</em></strong></span> <span class='ocrx_word' id='word_1_72' title='bbox 603 798 835 850; x_wconf 78' lang='grc' dir='ltr'><strong><em>δείκνυται,</em></strong></span> <span class='ocrx_word' id='word_1_73' title='bbox 866 797 1031 852; x_wconf 83' lang='grc' dir='ltr'><strong><em>θετέον,</em></strong></span> <span class='ocrx_word' id='word_1_74' title='bbox 1061 798 1112 839; x_wconf 87' lang='grc' dir='ltr'><strong><em>τά</em></strong></span> <span class='ocrx_word' id='word_1_75' title='bbox 1143 799 1277 851; x_wconf 82' lang='grc' dir='ltr'><strong><em>ἄστρα</em></strong></span> <span class='ocrx_word' id='word_1_76' title='bbox 1307 797 1456 852; x_wconf 60' lang='grc' dir='ltr'><strong><em>ἐγκυ-ξ,</em></strong></span> 
     </span>
     <span class='ocr_line' id='line_1_12' title="bbox 103 853 1456 929; baseline 0.001 -27"><span class='ocrx_word' id='word_1_77' title='bbox 103 862 232 910; x_wconf 86' lang='grc' dir='ltr'><strong><em>κλίως</em></strong></span> <span class='ocrx_word' id='word_1_78' title='bbox 255 861 470 916; x_wconf 84' lang='grc' dir='ltr'><strong><em>φέρεσθαι</em></strong></span> <span class='ocrx_word' id='word_1_79' title='bbox 494 860 565 902; x_wconf 87' lang='grc' dir='ltr'><strong><em>καὶ</em></strong></span> <span class='ocrx_word' id='word_1_80' title='bbox 592 860 846 903; x_wconf 78' lang='grc' dir='ltr'><strong><em>ἐνδεδέσθαι</em></strong></span> <span class='ocrx_word' id='word_1_81' title='bbox 878 860 926 902; x_wconf 84' lang='grc' dir='ltr'><strong><em>ἐν</em></strong></span> <span class='ocrx_word' id='word_1_82' title='bbox 956 860 1022 903; x_wconf 76' lang='grc' dir='ltr'><strong><em>ἑνὶ</em></strong></span> <span class='ocrx_word' id='word_1_83' title='bbox 1053 862 1215 916; x_wconf 83' lang='grc' dir='ltr'><strong><em>σώματι</em></strong></span> <span class='ocrx_word' id='word_1_84' title='bbox 1249 862 1320 903; x_wconf 83' lang='grc' dir='ltr'><strong><em>καὶ</em></strong></span> <span class='ocrx_word' id='word_1_85' title='bbox 1350 853 1456 929; x_wconf 46' lang='grc' dir='ltr'><strong><em>τὴν,</em></strong></span> 
     </span>
     <span class='ocr_line' id='line_1_13' title="bbox 104 924 1430 981; baseline 0.001 -15"><span class='ocrx_word' id='word_1_86' title='bbox 104 927 208 976; x_wconf 80' lang='grc' dir='ltr'><strong><em>ὄψιν</em></strong></span> <span class='ocrx_word' id='word_1_87' title='bbox 228 929 327 967; x_wconf 72' lang='grc' dir='ltr'><strong><em>ἴσον</em></strong></span> <span class='ocrx_word' id='word_1_88' title='bbox 346 924 519 980; x_wconf 85' lang='grc' dir='ltr'><strong><em>ἀπέχειν</em></strong></span> <span class='ocrx_word' id='word_1_89' title='bbox 539 933 625 966; x_wconf 87' lang='grc' dir='ltr'><strong><em>τῶν</em></strong></span> <span class='ocrx_word' id='word_1_90' title='bbox 644 932 943 981; x_wconf 85' lang='grc' dir='ltr'><strong><em>περιφερειῶν.</em></strong></span> <span class='ocrx_word' id='word_1_91' title='bbox 977 925 1126 980; x_wconf 87' lang='grc' dir='ltr'><strong><em>ὁρᾶται</em></strong></span> <span class='ocrx_word' id='word_1_92' title='bbox 1147 924 1197 967; x_wconf 90' lang='grc' dir='ltr'><strong><em>δέ</em></strong></span> <span class='ocrx_word' id='word_1_93' title='bbox 1213 942 1277 975; x_wconf 87' lang='grc' dir='ltr'><strong><em>τις</em></strong></span> <span class='ocrx_word' id='word_1_94' title='bbox 1296 925 1430 981; x_wconf 88' lang='grc' dir='ltr'><strong><em>ἀστὴρ</em></strong></span> 
     </span>
     <span class='ocr_line' id='line_1_14' title="bbox 104 988 1430 1043; baseline 0.001 -13"><span class='ocrx_word' id='word_1_95' title='bbox 104 988 260 1043; x_wconf 84' lang='grc' dir='ltr'><strong><em>μεταξὺ</em></strong></span> <span class='ocrx_word' id='word_1_96' title='bbox 294 997 381 1031; x_wconf 86' lang='grc' dir='ltr'><strong><em>τῶν</em></strong></span> <span class='ocrx_word' id='word_1_97' title='bbox 418 989 587 1042; x_wconf 78' lang='grc' dir='ltr'><strong><em>ἄρκτων</em></strong></span> <span class='ocrx_word' id='word_1_98' title='bbox 619 989 670 1031; x_wconf 87' lang='grc' dir='ltr'><strong><em>οὐ</em></strong></span> <span class='ocrx_word' id='word_1_99' title='bbox 701 988 1005 1043; x_wconf 87' lang='grc' dir='ltr'><strong><em>μεταλλάσσων</em></strong></span> <span class='ocrx_word' id='word_1_100' title='bbox 1037 991 1173 1031; x_wconf 89' lang='grc' dir='ltr'><strong><em>τόπον</em></strong></span> <span class='ocrx_word' id='word_1_101' title='bbox 1204 988 1250 1031; x_wconf 81' lang='grc' dir='ltr'><strong><em>ἐκ</em></strong></span> <span class='ocrx_word' id='word_1_102' title='bbox 1281 992 1430 1043; x_wconf 85' lang='grc' dir='ltr'><strong><em>τόπου,</em></strong></span> 
     </span>
     <span class='ocr_line' id='line_1_15' title="bbox 103 1048 1430 1109; baseline 0 -15"><span class='ocrx_word' id='word_1_103' title='bbox 103 1050 195 1095; x_wconf 88' lang='grc' dir='ltr'><strong><em>ἀλλ’</em></strong></span> <span class='ocrx_word' id='word_1_104' title='bbox 215 1052 262 1095; x_wconf 84' lang='grc' dir='ltr'><strong><em>ἐν</em></strong></span> <span class='ocrx_word' id='word_1_105' title='bbox 282 1048 308 1109; x_wconf 77' lang='grc' dir='ltr'><strong><em>ᾖ</em></strong></span> <span class='ocrx_word' id='word_1_106' title='bbox 327 1052 417 1095; x_wconf 86' lang='grc' dir='ltr'><strong><em>ἐστι</em></strong></span> <span class='ocrx_word' id='word_1_107' title='bbox 438 1053 567 1108; x_wconf 83' lang='grc' dir='ltr'><strong><em>χώρα,</em></strong></span> <span class='ocrx_word' id='word_1_108' title='bbox 588 1051 635 1094; x_wconf 80' lang='grc' dir='ltr'><strong><em>ἐν</em></strong></span> <span class='ocrx_word' id='word_1_109' title='bbox 654 1053 787 1108; x_wconf 87' lang='grc' dir='ltr'><strong><em>ταύτῃ</em></strong></span> <span class='ocrx_word' id='word_1_110' title='bbox 802 1054 1102 1108; x_wconf 81' lang='grc' dir='ltr'><strong><em>στρεφόμενος.</em></strong></span> <span class='ocrx_word' id='word_1_111' title='bbox 1128 1052 1217 1095; x_wconf 80' lang='grc' dir='ltr'><strong><em>ἐπεὶ</em></strong></span> <span class='ocrx_word' id='word_1_112' title='bbox 1237 1051 1284 1095; x_wconf 75' lang='grc' dir='ltr'><strong><em>δὲ</em></strong></span> <span class='ocrx_word' id='word_1_113' title='bbox 1304 1049 1430 1103; x_wconf 87' lang='grc' dir='ltr'><strong><em>οὗτος</em></strong></span> 
     </span>
     <span class='ocr_line' id='line_1_16' title="bbox 102 1112 1429 1173; baseline 0.001 -15"><span class='ocrx_word' id='word_1_114' title='bbox 102 1118 209 1173; x_wconf 88' lang='grc' dir='ltr'><strong><em>πρὸς</em></strong></span> <span class='ocrx_word' id='word_1_115' title='bbox 240 1118 315 1166; x_wconf 83' lang='grc' dir='ltr'><strong><em>τὰς</em></strong></span> <span class='ocrx_word' id='word_1_116' title='bbox 350 1118 626 1171; x_wconf 85' lang='grc' dir='ltr'><strong><em>περιφερείας</em></strong></span> <span class='ocrx_word' id='word_1_117' title='bbox 662 1124 749 1158; x_wconf 88' lang='grc' dir='ltr'><strong><em>τῶν</em></strong></span> <span class='ocrx_word' id='word_1_118' title='bbox 779 1117 962 1171; x_wconf 85' lang='grc' dir='ltr'><strong><em>κύκλων,</em></strong></span> <span class='ocrx_word' id='word_1_119' title='bbox 992 1115 1092 1158; x_wconf 81' lang='grc' dir='ltr'><strong><em>καθ’</em></strong></span> <span class='ocrx_word' id='word_1_120' title='bbox 1123 1112 1186 1158; x_wconf 84' lang='grc' dir='ltr'><strong><em>ὧν</em></strong></span> <span class='ocrx_word' id='word_1_121' title='bbox 1217 1117 1259 1159; x_wconf 78' lang='grc' dir='ltr'><strong><em>οἱ</em></strong></span> <span class='ocrx_word' id='word_1_122' title='bbox 1290 1116 1429 1159; x_wconf 87' lang='grc' dir='ltr'><strong><em>λοιποὶ</em></strong></span> 
     </span>
     <span class='ocr_line' id='line_1_17' title="bbox 103 1149 1456 1261; baseline 0 -39"><span class='ocrx_word' id='word_1_123' title='bbox 103 1180 275 1233; x_wconf 85' lang='grc' dir='ltr'><strong><em>ἀστέρες</em></strong></span> <span class='ocrx_word' id='word_1_124' title='bbox 301 1180 519 1235; x_wconf 82' lang='grc' dir='ltr'><strong><em>φέρονται,</em></strong></span> <span class='ocrx_word' id='word_1_125' title='bbox 546 1185 643 1222; x_wconf 74' lang='grc' dir='ltr'><strong><em>ἴσον</em></strong></span> <span class='ocrx_word' id='word_1_126' title='bbox 668 1180 837 1235; x_wconf 84' lang='grc' dir='ltr'><strong><em>ἀπέχων</em></strong></span> <span class='ocrx_word' id='word_1_127' title='bbox 861 1181 1000 1236; x_wconf 83' lang='grc' dir='ltr'><strong><em>πάντῃ</em></strong></span> <span class='ocrx_word' id='word_1_128' title='bbox 1023 1182 1237 1234; x_wconf 83' lang='grc' dir='ltr'><strong><em>φαίνεται,</em></strong></span> <span class='ocrx_word' id='word_1_129' title='bbox 1261 1149 1456 1261; x_wconf 61' lang='grc' dir='ltr'><strong><em>θετεόν,1.</em></strong></span> 
     </span>
     <span class='ocr_line' id='line_1_18' title="bbox 101 1221 1456 1299; baseline 0 -13"><span class='ocrx_word' id='word_1_130' title='bbox 101 1247 203 1294; x_wconf 87' lang='grc' dir='ltr'><strong><em>τοὺς</em></strong></span> <span class='ocrx_word' id='word_1_131' title='bbox 228 1246 415 1294; x_wconf 84' lang='grc' dir='ltr'><strong><em>κύκλους</em></strong></span> <span class='ocrx_word' id='word_1_132' title='bbox 439 1246 601 1294; x_wconf 80' lang='grc' dir='ltr'><strong><em>πάντας</em></strong></span> <span class='ocrx_word' id='word_1_133' title='bbox 619 1246 924 1299; x_wconf 85' lang='grc' dir='ltr'><strong><em>παραλλήλους</em></strong></span> <span class='ocrx_word' id='word_1_134' title='bbox 943 1241 1069 1298; x_wconf 84' lang='grc' dir='ltr'><strong><em>εἶναι,</em></strong></span> <span class='ocrx_word' id='word_1_135' title='bbox 1095 1245 1203 1286; x_wconf 84' lang='grc' dir='ltr'><strong><em>ὥστε</em></strong></span> <span class='ocrx_word' id='word_1_136' title='bbox 1221 1245 1360 1286; x_wconf 89' lang='grc' dir='ltr'><strong><em>πάντα</em></strong></span> <span class='ocrx_word' id='word_1_137' title='bbox 1378 1246 1428 1286; x_wconf 81' lang='grc' dir='ltr'><strong><em>τὰ</em></strong></span> <span class='ocrx_word' id='word_1_138' title='bbox 1448 1221 1456 1292; x_wconf 56' lang='lat' dir='ltr'>i</span> 
     </span>
     <span class='ocr_line' id='line_1_19' title="bbox 100 1293 1456 1387; baseline 0 -37"><span class='ocrx_word' id='word_1_139' title='bbox 100 1308 268 1363; x_wconf 85' lang='grc' dir='ltr'><strong><em>ἀπλανῆ</em></strong></span> <span class='ocrx_word' id='word_1_140' title='bbox 294 1310 430 1363; x_wconf 79' lang='grc' dir='ltr'><strong><em>ἄστρα</em></strong></span> <span class='ocrx_word' id='word_1_141' title='bbox 454 1310 560 1350; x_wconf 79' lang='grc' dir='ltr'><strong><em>κατὰ</em></strong></span> <span class='ocrx_word' id='word_1_142' title='bbox 585 1309 884 1387; x_wconf 82' lang='grc' dir='ltr'><strong><em>παραλλήλων</em></strong></span> <span class='ocrx_word' id='word_1_143' title='bbox 903 1308 1115 1387; x_wconf 84' lang='grc' dir='ltr'><strong><em>φέρεσθαι</em></strong></span> <span class='ocrx_word' id='word_1_144' title='bbox 1146 1310 1285 1350; x_wconf 90' lang='grc' dir='ltr'><strong><em>πόλον</em></strong></span> <span class='ocrx_word' id='word_1_145' title='bbox 1309 1293 1456 1371; x_wconf 52' lang='lat' dir='ltr'><em>&amp;dv-3</em></span> 
     </span>
     <span class='ocr_line' id='line_1_20' title="bbox 99 1370 1456 1428; baseline 0 -14"><span class='ocrx_word' id='word_1_146' title='bbox 99 1388 187 1414; x_wconf 87' lang='grc' dir='ltr'><strong><em>των</em></strong></span> <span class='ocrx_word' id='word_1_147' title='bbox 205 1373 282 1414; x_wconf 91' lang='grc' dir='ltr'><strong><em>τὸν</em></strong></span> <span class='ocrx_word' id='word_1_148' title='bbox 301 1372 618 1428; x_wconf 88' lang='grc' dir='ltr'><strong><em>προειρημένον</em></strong></span> <span class='ocrx_word' id='word_1_149' title='bbox 637 1371 805 1425; x_wconf 36' lang='grc' dir='ltr'><strong><em>ἀστεᾞρα</em></strong></span> <span class='ocrx_word' id='word_1_150' title='bbox 837 1373 1005 1414; x_wconf 88' lang='grc' dir='ltr'><strong><em>τούτων</em></strong></span> <span class='ocrx_word' id='word_1_151' title='bbox 1023 1370 1106 1414; x_wconf 78' lang='grc' dir='ltr'><strong><em>δὲ’</em></strong></span> <span class='ocrx_word' id='word_1_152' title='bbox 1091 1371 1186 1414; x_wconf 82' lang='grc' dir='ltr'><strong><em>ένια</em></strong></span> <span class='ocrx_word' id='word_1_153' title='bbox 1206 1373 1305 1414; x_wconf 79' lang='grc' dir='ltr'><strong><em>οὔτε</em></strong></span> <span class='ocrx_word' id='word_1_154' title='bbox 1325 1372 1427 1414; x_wconf 89' lang='grc' dir='ltr'><strong><em>ἀνα-</em></strong></span> <span class='ocrx_word' id='word_1_155' title='bbox 1449 1395 1456 1421; x_wconf 66' lang='lat'><em>2</em></span> 
     </span>
     <span class='ocr_line' id='line_1_21' title="bbox 100 1434 1427 1491; baseline 0 -13"><span class='ocrx_word' id='word_1_156' title='bbox 100 1436 305 1479; x_wconf 86' lang='grc' dir='ltr'><strong><em>τέλλοντα</em></strong></span> <span class='ocrx_word' id='word_1_157' title='bbox 331 1437 430 1478; x_wconf 80' lang='grc' dir='ltr'><strong><em>οὔτε</em></strong></span> <span class='ocrx_word' id='word_1_158' title='bbox 456 1438 646 1491; x_wconf 88' lang='grc' dir='ltr'><strong><em>δυόμενα</em></strong></span> <span class='ocrx_word' id='word_1_159' title='bbox 672 1436 823 1488; x_wconf 79' lang='grc' dir='ltr'><strong><em>ὁρᾶται</em></strong></span> <span class='ocrx_word' id='word_1_160' title='bbox 849 1436 921 1478; x_wconf 86' lang='grc' dir='ltr'><strong><em>διὰ</em></strong></span> <span class='ocrx_word' id='word_1_161' title='bbox 946 1436 994 1478; x_wconf 87' lang='grc' dir='ltr'><strong><em>τὸ</em></strong></span> <span class='ocrx_word' id='word_1_162' title='bbox 1015 1434 1083 1478; x_wconf 83' lang='grc' dir='ltr'><strong><em>ἐπὶ</em></strong></span> <span class='ocrx_word' id='word_1_163' title='bbox 1101 1451 1328 1490; x_wconf 84' lang='grc' dir='ltr'><strong><em>μετεωρων</em></strong></span> <span class='ocrx_word' id='word_1_164' title='bbox 1353 1437 1427 1478; x_wconf 88' lang='grc' dir='ltr'><strong><em>κύ-</em></strong></span> 
     </span>
     <span class='ocr_line' id='line_1_22' title="bbox 100 1462 1456 1559; baseline 0 -18"><span class='ocrx_word' id='word_1_165' title='bbox 100 1503 218 1542; x_wconf 86' lang='grc' dir='ltr'><strong><em>κλων</em></strong></span> <span class='ocrx_word' id='word_1_166' title='bbox 243 1500 476 1556; x_wconf 83' lang='grc' dir='ltr'><strong><em>φέρεσθαι,</em></strong></span> <span class='ocrx_word' id='word_1_167' title='bbox 512 1500 587 1550; x_wconf 87' lang='grc' dir='ltr'><strong><em>οὓς</em></strong></span> <span class='ocrx_word' id='word_1_168' title='bbox 611 1503 821 1542; x_wconf 88' lang='grc' dir='ltr'><strong><em>καλοῦσιν</em></strong></span> <span class='ocrx_word' id='word_1_169' title='bbox 851 1499 917 1541; x_wconf 83' lang='grc' dir='ltr'><strong><em>ἀεὶ</em></strong></span> <span class='ocrx_word' id='word_1_170' title='bbox 943 1501 1170 1554; x_wconf 82' lang='grc' dir='ltr'><strong><em>φανερούς.</em></strong></span> <span class='ocrx_word' id='word_1_171' title='bbox 1219 1506 1353 1541; x_wconf 90' lang='grc' dir='ltr'><strong><em>ταῦτα</em></strong></span> <span class='ocrx_word' id='word_1_172' title='bbox 1379 1462 1456 1559; x_wconf 62' lang='lat'><strong><em>65}</em></strong></span> 
     </span>
     <span class='ocr_line' id='line_1_23' title="bbox 102 1563 1424 1621; baseline -0.001 -15"><span class='ocrx_word' id='word_1_173' title='bbox 102 1563 191 1606; x_wconf 84' lang='grc' dir='ltr'><strong><em>ἐστι</em></strong></span> <span class='ocrx_word' id='word_1_174' title='bbox 216 1566 267 1606; x_wconf 84' lang='grc' dir='ltr'><strong><em>τὰ</em></strong></span> <span class='ocrx_word' id='word_1_175' title='bbox 293 1564 479 1617; x_wconf 81' lang='grc' dir='ltr'><strong><em>ἑπόμενα</em></strong></span> <span class='ocrx_word' id='word_1_176' title='bbox 504 1569 562 1620; x_wconf 79' lang='grc' dir='ltr'><strong><em>τῷ</em></strong></span> <span class='ocrx_word' id='word_1_177' title='bbox 588 1568 764 1621; x_wconf 77' lang='grc' dir='ltr'><strong><em>φανερῷ</em></strong></span> <span class='ocrx_word' id='word_1_178' title='bbox 785 1565 901 1620; x_wconf 77' lang='grc' dir='ltr'><strong><em>πόλῳ</em></strong></span> <span class='ocrx_word' id='word_1_179' title='bbox 928 1565 1062 1615; x_wconf 79' lang='grc' dir='ltr'><strong><em>ἄστρα</em></strong></span> <span class='ocrx_word' id='word_1_180' title='bbox 1081 1563 1160 1612; x_wconf 78' lang='grc' dir='ltr'><strong><em>ἕως</em></strong></span> <span class='ocrx_word' id='word_1_181' title='bbox 1178 1569 1256 1605; x_wconf 90' lang='grc' dir='ltr'><strong><em>τοῦ</em></strong></span> <span class='ocrx_word' id='word_1_182' title='bbox 1281 1564 1424 1619; x_wconf 79' lang='grc' dir='ltr'><strong><em>ἄρκτι-</em></strong></span> 
     </span>
     <span class='ocr_line' id='line_1_24' title="bbox 98 1626 1456 1682; baseline -0.001 -12"><span class='ocrx_word' id='word_1_183' title='bbox 98 1634 179 1670; x_wconf 91' lang='grc' dir='ltr'><strong><em>κοῦ</em></strong></span> <span class='ocrx_word' id='word_1_184' title='bbox 205 1630 379 1670; x_wconf 90' lang='grc' dir='ltr'><strong><em>κύκλου.</em></strong></span> <span class='ocrx_word' id='word_1_185' title='bbox 417 1627 488 1670; x_wconf 89' lang='grc' dir='ltr'><strong><em>καὶ</em></strong></span> <span class='ocrx_word' id='word_1_186' title='bbox 510 1627 578 1670; x_wconf 78' lang='grc' dir='ltr'><strong><em>ἐπὶ</em></strong></span> <span class='ocrx_word' id='word_1_187' title='bbox 599 1627 846 1670; x_wconf 85' lang='grc' dir='ltr'><strong><em>ἐλασσόνων</em></strong></span> <span class='ocrx_word' id='word_1_188' title='bbox 864 1627 943 1680; x_wconf 79' lang='grc' dir='ltr'><strong><em>μὲν</em></strong></span> <span class='ocrx_word' id='word_1_189' title='bbox 964 1628 1136 1669; x_wconf 87' lang='grc' dir='ltr'><strong><em>κύκλων</em></strong></span> <span class='ocrx_word' id='word_1_190' title='bbox 1156 1626 1364 1682; x_wconf 87' lang='grc' dir='ltr'><strong><em>φέρονται</em></strong></span> <span class='ocrx_word' id='word_1_191' title='bbox 1384 1629 1425 1669; x_wconf 75' lang='grc' dir='ltr'><strong><em>οἱ</em></strong></span> <span class='ocrx_word' id='word_1_192' title='bbox 1452 1650 1456 1669; x_wconf 69' lang='lat'><em>2</em></span> 
     </span>
     <span class='ocr_line' id='line_1_25' title="bbox 99 1688 1456 1747; baseline -0.002 -13"><span class='ocrx_word' id='word_1_193' title='bbox 99 1689 249 1746; x_wconf 71' lang='grc' dir='ltr'><strong><em>ἔγγιον</em></strong></span> <span class='ocrx_word' id='word_1_194' title='bbox 273 1699 351 1734; x_wconf 90' lang='grc' dir='ltr'><strong><em>τοῦ</em></strong></span> <span class='ocrx_word' id='word_1_195' title='bbox 376 1694 514 1734; x_wconf 88' lang='grc' dir='ltr'><strong><em>πόλου</em></strong></span> <span class='ocrx_word' id='word_1_196' title='bbox 541 1693 662 1741; x_wconf 79' lang='grc' dir='ltr'><strong><em>ὄντες</em></strong></span> <span class='ocrx_word' id='word_1_197' title='bbox 686 1691 874 1747; x_wconf 84' lang='grc' dir='ltr'><strong><em>ἀστέρες,</em></strong></span> <span class='ocrx_word' id='word_1_198' title='bbox 900 1690 968 1733; x_wconf 85' lang='grc' dir='ltr'><strong><em>ἐπὶ</em></strong></span> <span class='ocrx_word' id='word_1_199' title='bbox 993 1692 1196 1746; x_wconf 76' lang='grc' dir='ltr'><strong><em>μεγίστου</em></strong></span> <span class='ocrx_word' id='word_1_200' title='bbox 1223 1688 1270 1732; x_wconf 73' lang='grc' dir='ltr'><strong><em>δὲ</em></strong></span> <span class='ocrx_word' id='word_1_201' title='bbox 1295 1692 1336 1732; x_wconf 81' lang='grc' dir='ltr'><strong><em>οἱ</em></strong></span> <span class='ocrx_word' id='word_1_202' title='bbox 1356 1689 1424 1733; x_wconf 76' lang='grc' dir='ltr'><strong><em>ἐπὶ</em></strong></span> <span class='ocrx_word' id='word_1_203' title='bbox 1453 1717 1456 1731; x_wconf 70' lang='lat'>2</span> 
     </span>
     <span class='ocr_line' id='line_1_26' title="bbox 97 1754 1456 1833; baseline -0.001 -36"><span class='ocrx_word' id='word_1_204' title='bbox 97 1761 174 1797; x_wconf 86' lang='grc' dir='ltr'><strong><em>τοῦ</em></strong></span> <span class='ocrx_word' id='word_1_205' title='bbox 195 1756 413 1833; x_wconf 79' lang='grc' dir='ltr'><strong><em>ἀρκτικοῦ,</em></strong></span> <span class='ocrx_word' id='word_1_206' title='bbox 437 1758 479 1798; x_wconf 83' lang='grc' dir='ltr'><strong><em>οἳ</em></strong></span> <span class='ocrx_word' id='word_1_207' title='bbox 503 1755 572 1798; x_wconf 86' lang='grc' dir='ltr'><strong><em>καὶ</em></strong></span> <span class='ocrx_word' id='word_1_208' title='bbox 594 1757 825 1810; x_wconf 90' lang='grc' dir='ltr'><strong><em>φαίνονται</em></strong></span> <span class='ocrx_word' id='word_1_209' title='bbox 846 1754 1020 1805; x_wconf 81' lang='grc' dir='ltr'><strong><em>ξύοντες</em></strong></span> <span class='ocrx_word' id='word_1_210' title='bbox 1038 1756 1114 1797; x_wconf 90' lang='grc' dir='ltr'><strong><em>τὸν</em></strong></span> <span class='ocrx_word' id='word_1_211' title='bbox 1134 1755 1339 1810; x_wconf 83' lang='grc' dir='ltr'><strong><em>ὁρίζοντα.</em></strong></span> <span class='ocrx_word' id='word_1_212' title='bbox 1374 1755 1426 1797; x_wconf 84' lang='grc' dir='ltr'><strong><em>τὰ</em></strong></span> <span class='ocrx_word' id='word_1_213' title='bbox 1454 1754 1456 1802; x_wconf 66' lang='lat' dir='ltr'>s</span> 
     </span>
     <span class='ocr_line' id='line_1_27' title="bbox 98 1817 1456 1883; baseline -0.001 -22"><span class='ocrx_word' id='word_1_214' title='bbox 98 1820 146 1861; x_wconf 80' lang='grc' dir='ltr'><strong><em>δὲ</em></strong></span> <span class='ocrx_word' id='word_1_215' title='bbox 170 1820 278 1873; x_wconf 90' lang='grc' dir='ltr'><strong><em>πρὸς</em></strong></span> <span class='ocrx_word' id='word_1_216' title='bbox 302 1821 571 1883; x_wconf 86' lang='grc' dir='ltr'><strong><em>μεσημβρίαν</em></strong></span> <span class='ocrx_word' id='word_1_217' title='bbox 595 1820 764 1861; x_wconf 87' lang='grc' dir='ltr'><strong><em>τούτων</em></strong></span> <span class='ocrx_word' id='word_1_218' title='bbox 790 1819 968 1874; x_wconf 84' lang='grc' dir='ltr'><strong><em>ἐχόμενα</em></strong></span> <span class='ocrx_word' id='word_1_219' title='bbox 993 1817 1133 1860; x_wconf 86' lang='grc' dir='ltr'><strong><em>πάντα</em></strong></span> <span class='ocrx_word' id='word_1_220' title='bbox 1158 1818 1224 1860; x_wconf 84' lang='grc' dir='ltr'><strong><em>καὶ</em></strong></span> <span class='ocrx_word' id='word_1_221' title='bbox 1253 1817 1423 1860; x_wconf 87' lang='grc' dir='ltr'><strong><em>ἀνατέλ-</em></strong></span> <span class='ocrx_word' id='word_1_222' title='bbox 1454 1841 1456 1859; x_wconf 86' lang='grc'>;</span> 
     </span>
    </p>
   </div>
   <div class='ocr_carea' id='block_1_5' title="bbox 96 1881 1456 2318">
    <p class='ocr_par' dir='ltr' id='par_1_5' title="bbox 96 1881 1456 2316">
     <span class='ocr_line' id='line_1_28' title="bbox 144 1881 1456 1956; baseline -0.001 -24"><span class='ocrx_word' id='word_1_223' title='bbox 144 1898 249 1933; x_wconf 85' lang='lat' dir='ltr'>TIT:</span> <span class='ocrx_word' id='word_1_224' title='bbox 265 1898 452 1934; x_wconf 77' lang='grc' dir='ltr'><strong><em>εὐκλείὸου</em></strong></span> <span class='ocrx_word' id='word_1_225' title='bbox 467 1881 787 1956; x_wconf 76' lang='grc' dir='ltr'><strong><em>φαινόμεναοοᾱᾶ.</em></strong></span> <span class='ocrx_word' id='word_1_226' title='bbox 817 1902 846 1932; x_wconf 88' lang='grc'><strong><em>1.</em></strong></span> <span class='ocrx_word' id='word_1_227' title='bbox 857 1897 994 1942; x_wconf 75' lang='grc' dir='ltr'><strong><em>ἐπειδή]</em></strong></span> <span class='ocrx_word' id='word_1_228' title='bbox 1005 1897 1163 1932; x_wconf 36' lang='grc' dir='ltr'><strong><em>ἱηταευν</em></strong></span> <span class='ocrx_word' id='word_1_229' title='bbox 1192 1897 1261 1942; x_wconf 87' lang='grc' dir='ltr'><strong><em>αεί]</em></strong></span> <span class='ocrx_word' id='word_1_230' title='bbox 1271 1907 1339 1932; x_wconf 87' lang='lat' dir='ltr'><strong><em>om</em></strong></span> <span class='ocrx_word' id='word_1_231' title='bbox 1342 1897 1422 1932; x_wconf 78' lang='lat' dir='ltr'>Vat.</span> <span class='ocrx_word' id='word_1_232' title='bbox 1453 1922 1456 1923; x_wconf 16' lang='grc' dir='ltr'><em>γ</em></span> 
     </span>
     <span class='ocr_line' id='line_1_29' title="bbox 98 1942 1422 1992; baseline -0.002 -13"><span class='ocrx_word' id='word_1_233' title='bbox 98 1948 128 1979; x_wconf 89' lang='grc'><strong><em>3.</em></strong></span> <span class='ocrx_word' id='word_1_234' title='bbox 143 1945 385 1980; x_wconf 81' lang='grc' dir='ltr'><strong><em>ἀνατέλλοντα</em></strong></span> <span class='ocrx_word' id='word_1_235' title='bbox 399 1946 476 1990; x_wconf 72' lang='lat' dir='ltr'><strong>(alt</strong></span> <span class='ocrx_word' id='word_1_236' title='bbox 479 1946 506 1992; x_wconf 88' lang='grc'><strong><em>)]</em></strong></span> <span class='ocrx_word' id='word_1_237' title='bbox 522 1944 836 1980; x_wconf 75' lang='grc' dir='ltr'><strong><em>ἀνατέλλονταιω.</em></strong></span> <span class='ocrx_word' id='word_1_238' title='bbox 851 1944 954 1979; x_wconf 77' lang='lat' dir='ltr'>2Vat.</span> <span class='ocrx_word' id='word_1_239' title='bbox 1004 1948 1035 1978; x_wconf 99' lang='lat'>4.</span> <span class='ocrx_word' id='word_1_240' title='bbox 1057 1942 1292 1988; x_wconf 61' lang='grc' dir='ltr'><strong><em>δυόμεναφῐ.</em></strong></span> <span class='ocrx_word' id='word_1_241' title='bbox 1294 1944 1319 1990; x_wconf 89' lang='grc'><strong><em>&gt;]</em></strong></span> <span class='ocrx_word' id='word_1_242' title='bbox 1335 1945 1422 1978; x_wconf 74' lang='lat' dir='ltr'>mut.</span> 
     </span>
     <span class='ocr_line' id='line_1_30' title="bbox 97 1990 1421 2037; baseline -0.001 -12"><span class='ocrx_word' id='word_1_243' title='bbox 97 1991 135 2025; x_wconf 91' lang='lat' dir='ltr'><strong><em>in</em></strong></span> <span class='ocrx_word' id='word_1_244' title='bbox 148 1991 297 2026; x_wconf 82' lang='grc' dir='ltr'><strong><em>δύονται</em></strong></span> <span class='ocrx_word' id='word_1_245' title='bbox 315 2004 360 2026; x_wconf 89' lang='lat' dir='ltr'>m.</span> <span class='ocrx_word' id='word_1_246' title='bbox 376 1993 484 2027; x_wconf 72' lang='lat' dir='ltr'>2Vat.</span> <span class='ocrx_word' id='word_1_247' title='bbox 531 1997 561 2026; x_wconf 88' lang='lat'><strong><em>6.</em></strong></span> <span class='ocrx_word' id='word_1_248' title='bbox 576 1990 739 2037; x_wconf 75' lang='grc' dir='ltr'><strong><em>γίγνεται</em></strong></span> <span class='ocrx_word' id='word_1_249' title='bbox 757 1991 924 2026; x_wconf 70' lang='lat' dir='ltr'>m.2Vat.</span> <span class='ocrx_word' id='word_1_250' title='bbox 957 1990 1157 2035; x_wconf 80' lang='grc' dir='ltr'><strong><em>ἐγκύκλιον]</em></strong></span> <span class='ocrx_word' id='word_1_251' title='bbox 1179 2003 1233 2025; x_wconf 90' lang='grc' dir='ltr'><strong><em>-ο-</em></strong></span> <span class='ocrx_word' id='word_1_252' title='bbox 1252 1990 1290 2024; x_wconf 88' lang='lat' dir='ltr'><strong><em>in</em></strong></span> <span class='ocrx_word' id='word_1_253' title='bbox 1309 2001 1376 2024; x_wconf 74' lang='lat' dir='ltr'>ras.</span> <span class='ocrx_word' id='word_1_254' title='bbox 1391 2002 1421 2024; x_wconf 91' lang='lat' dir='ltr'>v.</span> 
     </span>
     <span class='ocr_line' id='line_1_31' title="bbox 99 2036 1423 2084; baseline -0.002 -12"><span class='ocrx_word' id='word_1_255' title='bbox 99 2041 128 2072; x_wconf 83' lang='lat'>7.</span> <span class='ocrx_word' id='word_1_256' title='bbox 149 2037 275 2084; x_wconf 79' lang='grc' dir='ltr'><strong><em>ἀπέχει</em></strong></span> <span class='ocrx_word' id='word_1_257' title='bbox 295 2038 347 2073; x_wconf 89' lang='lat' dir='ltr'>Ll.</span> <span class='ocrx_word' id='word_1_258' title='bbox 398 2042 428 2072; x_wconf 87' lang='grc'><strong>8.</strong></span> <span class='ocrx_word' id='word_1_259' title='bbox 456 2039 627 2078; x_wconf 81' lang='grc' dir='ltr'><strong><em>ὀπτυκοῑς</em></strong></span> <span class='ocrx_word' id='word_1_260' title='bbox 645 2050 675 2073; x_wconf 83' lang='lat' dir='ltr'>v.</span> <span class='ocrx_word' id='word_1_261' title='bbox 727 2042 780 2073; x_wconf 88' lang='grc'><strong><em>12.</em></strong></span> <span class='ocrx_word' id='word_1_262' title='bbox 801 2036 824 2082; x_wconf 82' lang='grc' dir='ltr'>ἤ</span> <span class='ocrx_word' id='word_1_263' title='bbox 848 2038 922 2072; x_wconf 79' lang='grc' dir='ltr'><strong><em>ἐστι</em></strong></span> <span class='ocrx_word' id='word_1_264' title='bbox 940 2037 1039 2082; x_wconf 75' lang='grc' dir='ltr'><strong><em>χώρα</em></strong></span> <span class='ocrx_word' id='word_1_265' title='bbox 1059 2037 1139 2071; x_wconf 80' lang='lat' dir='ltr'>Vat.</span> <span class='ocrx_word' id='word_1_266' title='bbox 1179 2036 1341 2082; x_wconf 65' lang='grc' dir='ltr'><strong><em>ἐν(811;.)]</em></strong></span> <span class='ocrx_word' id='word_1_267' title='bbox 1359 2047 1423 2080; x_wconf 87' lang='lat' dir='ltr'><strong><em>po-</em></strong></span> 
     </span>
     <span class='ocr_line' id='line_1_32' title="bbox 97 2081 1420 2128; baseline -0.002 -10"><span class='ocrx_word' id='word_1_268' title='bbox 97 2085 176 2119; x_wconf 76' lang='lat' dir='ltr'><strong><em>stea</em></strong></span> <span class='ocrx_word' id='word_1_269' title='bbox 199 2085 280 2118; x_wconf 89' lang='lat' dir='ltr'>add.</span> <span class='ocrx_word' id='word_1_270' title='bbox 302 2096 348 2119; x_wconf 90' lang='lat' dir='ltr'>m.</span> <span class='ocrx_word' id='word_1_271' title='bbox 372 2089 387 2119; x_wconf 89' lang='lat'><strong>1</strong></span> <span class='ocrx_word' id='word_1_272' title='bbox 403 2086 483 2120; x_wconf 79' lang='lat' dir='ltr'><strong><em>Vat.</em></strong></span> <span class='ocrx_word' id='word_1_273' title='bbox 533 2085 645 2128; x_wconf 83' lang='grc' dir='ltr'><strong><em>ταύτη</em></strong></span> <span class='ocrx_word' id='word_1_274' title='bbox 660 2085 741 2120; x_wconf 77' lang='lat' dir='ltr'>Vat.</span> <span class='ocrx_word' id='word_1_275' title='bbox 793 2088 846 2118; x_wconf 81' lang='lat'>13.</span> <span class='ocrx_word' id='word_1_276' title='bbox 866 2081 999 2128; x_wconf 87' lang='grc' dir='ltr'><strong><em>λοιποί]</em></strong></span> <span class='ocrx_word' id='word_1_277' title='bbox 1026 2082 1134 2127; x_wconf 81' lang='grc' dir='ltr'><strong><em>λοιπή</em></strong></span> <span class='ocrx_word' id='word_1_278' title='bbox 1159 2085 1193 2127; x_wconf 88' lang='grc' dir='ltr'><strong><em>(η</em></strong></span> <span class='ocrx_word' id='word_1_279' title='bbox 1219 2083 1258 2116; x_wconf 89' lang='lat' dir='ltr'><strong><em>in</em></strong></span> <span class='ocrx_word' id='word_1_280' title='bbox 1282 2085 1365 2127; x_wconf 71' lang='lat' dir='ltr'>ras.)</span> <span class='ocrx_word' id='word_1_281' title='bbox 1391 2095 1420 2117; x_wconf 91' lang='lat' dir='ltr'>v.</span> 
     </span>
     <span class='ocr_line' id='line_1_33' title="bbox 99 2127 1420 2176; baseline -0.001 -12"><span class='ocrx_word' id='word_1_282' title='bbox 99 2134 150 2165; x_wconf 88' lang='lat'><strong><em>16.</em></strong></span> <span class='ocrx_word' id='word_1_283' title='bbox 183 2130 309 2176; x_wconf 80' lang='grc' dir='ltr'><strong><em>ἄστρα]</em></strong></span> <span class='ocrx_word' id='word_1_284' title='bbox 342 2131 459 2175; x_wconf 75' lang='grc' dir='ltr'><strong><em>ἅστμα</em></strong></span> <span class='ocrx_word' id='word_1_285' title='bbox 492 2143 523 2174; x_wconf 85' lang='lat' dir='ltr'><strong><em>v,</em></strong></span> <span class='ocrx_word' id='word_1_286' title='bbox 568 2131 631 2165; x_wconf 82' lang='lat' dir='ltr'><strong><em>sed</em></strong></span> <span class='ocrx_word' id='word_1_287' title='bbox 665 2142 774 2175; x_wconf 77' lang='lat' dir='ltr'>supra.</span> <span class='ocrx_word' id='word_1_288' title='bbox 807 2143 832 2175; x_wconf 85' lang='grc' dir='ltr'><strong><em>μ</em></strong></span> <span class='ocrx_word' id='word_1_289' title='bbox 865 2141 930 2164; x_wconf 77' lang='lat' dir='ltr'>scr.</span> <span class='ocrx_word' id='word_1_290' title='bbox 961 2143 980 2172; x_wconf 91' lang='grc' dir='ltr'><strong><em>ρ</em></strong></span> <span class='ocrx_word' id='word_1_291' title='bbox 1006 2141 1052 2164; x_wconf 88' lang='lat' dir='ltr'>m.</span> <span class='ocrx_word' id='word_1_292' title='bbox 1078 2133 1107 2163; x_wconf 91' lang='lat'>1.</span> <span class='ocrx_word' id='word_1_293' title='bbox 1174 2127 1300 2174; x_wconf 78' lang='grc' dir='ltr'><strong><em>πόλον]</em></strong></span> <span class='ocrx_word' id='word_1_294' title='bbox 1333 2140 1420 2164; x_wconf 83' lang='lat' dir='ltr'>corr.</span> 
     </span>
     <span class='ocr_line' id='line_1_34' title="bbox 96 2175 1421 2222; baseline -0.002 -10"><span class='ocrx_word' id='word_1_295' title='bbox 96 2189 139 2212; x_wconf 79' lang='lat' dir='ltr'><strong><em>ox</em></strong></span> <span class='ocrx_word' id='word_1_296' title='bbox 163 2179 285 2212; x_wconf 84' lang='grc' dir='ltr'><strong><em>πωλον</em></strong></span> <span class='ocrx_word' id='word_1_297' title='bbox 304 2179 402 2221; x_wconf 70' lang='lat' dir='ltr'>Vat.;</span> <span class='ocrx_word' id='word_1_298' title='bbox 428 2176 534 2213; x_wconf 81' lang='grc' dir='ltr'><strong><em>πόλιν</em></strong></span> <span class='ocrx_word' id='word_1_299' title='bbox 559 2189 589 2211; x_wconf 89' lang='lat' dir='ltr'>v.</span> <span class='ocrx_word' id='word_1_300' title='bbox 642 2182 694 2212; x_wconf 88' lang='lat'><strong><em>18.</em></strong></span> <span class='ocrx_word' id='word_1_301' title='bbox 721 2177 919 2222; x_wconf 80' lang='grc' dir='ltr'><strong><em>μετεώρων]</em></strong></span> <span class='ocrx_word' id='word_1_302' title='bbox 946 2177 1123 2220; x_wconf 77' lang='grc' dir='ltr'><strong><em>μετεώρον</em></strong></span> <span class='ocrx_word' id='word_1_303' title='bbox 1143 2175 1184 2218; x_wconf 88' lang='lat' dir='ltr'><strong><em>V,</em></strong></span> <span class='ocrx_word' id='word_1_304' title='bbox 1210 2175 1421 2219; x_wconf 63' lang='grc' dir='ltr'><strong><em>μετεωρότε-</em></strong></span> 
     </span>
     <span class='ocr_line' id='line_1_35' title="bbox 97 2221 1421 2280; baseline -0.003 -21"><span class='ocrx_word' id='word_1_305' title='bbox 97 2237 162 2267; x_wconf 85' lang='grc' dir='ltr'><strong><em>ρον</em></strong></span> <span class='ocrx_word' id='word_1_306' title='bbox 180 2236 226 2258; x_wconf 91' lang='lat' dir='ltr'>m.</span> <span class='ocrx_word' id='word_1_307' title='bbox 243 2227 274 2267; x_wconf 84' lang='lat'><strong><em>2,</em></strong></span> <span class='ocrx_word' id='word_1_308' title='bbox 301 2223 564 2268; x_wconf 78' lang='grc' dir='ltr'><strong><em>μετεοροτέρων</em></strong></span> <span class='ocrx_word' id='word_1_309' title='bbox 585 2225 668 2258; x_wconf 70' lang='lat' dir='ltr'>cett.</span> <span class='ocrx_word' id='word_1_310' title='bbox 719 2227 773 2258; x_wconf 92' lang='grc'><strong>20.</strong></span> <span class='ocrx_word' id='word_1_311' title='bbox 789 2223 874 2279; x_wconf 37' lang='grc' dir='ltr'><strong><em>ἐστι’]</em></strong></span> <span class='ocrx_word' id='word_1_312' title='bbox 896 2233 968 2266; x_wconf 75' lang='lat' dir='ltr'>seq.</span> <span class='ocrx_word' id='word_1_313' title='bbox 988 2221 1033 2257; x_wconf 77' lang='grc' dir='ltr'><strong><em>τὰ</em></strong></span> <span class='ocrx_word' id='word_1_314' title='bbox 1053 2222 1248 2266; x_wconf 73' lang='grc' dir='ltr'><strong><em>νοτιώτερα</em></strong></span> <span class='ocrx_word' id='word_1_315' title='bbox 1266 2222 1363 2280; x_wconf 75' lang='grc' dir='ltr'><strong><em>αὐτῷ</em></strong></span> <span class='ocrx_word' id='word_1_316' title='bbox 1379 2221 1421 2265; x_wconf 90' lang='lat' dir='ltr'><strong><em>V,</em></strong></span> 
     </span>
     <span class='ocr_line' id='line_1_36' title="bbox 96 2257 1456 2318; baseline -0.001 -14"><span class='ocrx_word' id='word_1_317' title='bbox 96 2270 160 2305; x_wconf 80' lang='lat' dir='ltr'><strong><em>sed</em></strong></span> <span class='ocrx_word' id='word_1_318' title='bbox 186 2270 246 2304; x_wconf 82' lang='lat' dir='ltr'><strong><em>del</em></strong></span> <span class='ocrx_word' id='word_1_319' title='bbox 265 2282 311 2305; x_wconf 88' lang='lat' dir='ltr'>m.</span> <span class='ocrx_word' id='word_1_320' title='bbox 327 2275 357 2305; x_wconf 84' lang='lat'>2.</span> <span class='ocrx_word' id='word_1_321' title='bbox 406 2270 452 2305; x_wconf 85' lang='grc' dir='ltr'><strong><em>τὰ</em></strong></span> <span class='ocrx_word' id='word_1_322' title='bbox 477 2270 635 2315; x_wconf 80' lang='grc' dir='ltr'><strong><em>ἑπόμενα</em></strong></span> <span class='ocrx_word' id='word_1_323' title='bbox 655 2273 703 2318; x_wconf 79' lang='grc' dir='ltr'><strong><em>τῷ</em></strong></span> <span class='ocrx_word' id='word_1_324' title='bbox 723 2271 872 2317; x_wconf 83' lang='grc' dir='ltr'><strong><em>φανερῷ</em></strong></span> <span class='ocrx_word' id='word_1_325' title='bbox 896 2266 1008 2316; x_wconf 75' lang='grc' dir='ltr'><strong><em>πόλῳ]</em></strong></span> <span class='ocrx_word' id='word_1_326' title='bbox 1029 2279 1117 2303; x_wconf 73' lang='lat' dir='ltr'>eran.</span> <span class='ocrx_word' id='word_1_327' title='bbox 1138 2269 1176 2302; x_wconf 74' lang='lat' dir='ltr'><strong><em>et</em></strong></span> <span class='ocrx_word' id='word_1_328' title='bbox 1194 2279 1260 2303; x_wconf 78' lang='lat' dir='ltr'>ser.</span> <span class='ocrx_word' id='word_1_329' title='bbox 1279 2267 1325 2303; x_wconf 83' lang='grc' dir='ltr'><strong><em>τὰ</em></strong></span> <span class='ocrx_word' id='word_1_330' title='bbox 1342 2257 1420 2314; x_wconf 76' lang='grc' dir='ltr'><strong><em>ἐχό-</em></strong></span> <span class='ocrx_word' id='word_1_331' title='bbox 1453 2288 1456 2291; x_wconf 87' lang='grc'><em>·</em></span> 
     </span>
    </p>
   </div>
   <div class='ocr_carea' id='block_1_6' title="bbox 1450 418 1456 632">
    <p class='ocr_par' dir='ltr' id='par_1_6' title="bbox 1450 418 1456 632">
     <span class='ocr_line' id='line_1_37' title="bbox 1450 418 1456 632; baseline 0 0"><span class='ocrx_word' id='word_1_332' title='bbox 1450 418 1456 632; x_wconf 95' lang='lat' dir='ltr'><strong><em> </em></strong></span> 
     </span>
    </p>
   </div>
   <div class='ocr_carea' id='block_1_7' title="bbox 1445 938 1456 1147">
    <p class='ocr_par' dir='ltr' id='par_1_7' title="bbox 1445 938 1456 1147">
     <span class='ocr_line' id='line_1_38' title="bbox 1445 938 1456 1147; baseline 0 1309"><span class='ocrx_word' id='word_1_333' title='bbox 1445 938 1456 1147; x_wconf 95' lang='lat' dir='ltr'><strong><em> </em></strong></span> 
     </span>
    </p>
   </div>
   <div class='ocr_carea' id='block_1_8' title="bbox 103 1875 1243 1886">
    <p class='ocr_par' dir='ltr' id='par_1_8' title="bbox 103 1875 1243 1886">
     <span class='ocr_line' id='line_1_39' title="bbox 103 1875 1243 1886; baseline 0 0"><span class='ocrx_word' id='word_1_334' title='bbox 103 1875 1243 1886; x_wconf 95' lang='lat' dir='ltr'><strong><em> </em></strong></span> 
     </span>
    </p>
   </div>
  </div>
 </body>
</html>
