<?xml version="1.0" encoding="UTF-8"?>
<!DOCTYPE html PUBLIC "-//W3C//DTD XHTML 1.0 Transitional//EN"
    "http://www.w3.org/TR/xhtml1/DTD/xhtml1-transitional.dtd">
<html xmlns="http://www.w3.org/1999/xhtml" xml:lang="en" lang="en">
 <head>
  <title>
</title>
<meta http-equiv="Content-Type" content="text/html;charset=utf-8" />
  <meta name='ocr-system' content='tesseract 3.04.00' />
  <meta name='ocr-capabilities' content='ocr_page ocr_carea ocr_par ocr_line ocrx_word'/>
</head>
<body>
  <div class='ocr_page' id='page_1' title='image "./euclidisoperaomn08eucluoft_0340.png"; bbox 0 0 1494 2450; ppageno 0'>
   <div class='ocr_carea' id='block_1_1' title="bbox 148 18 961 62">
    <p class='ocr_par' dir='ltr' id='par_1_1' title="bbox 148 18 961 62">
     <span class='ocr_line' id='line_1_1' title="bbox 148 18 961 62; baseline 0.002 -2"><span class='ocrx_word' id='word_1_1' title='bbox 148 18 234 60; x_wconf 83' lang='lat'><strong><em>282</em></strong></span> <span class='ocrx_word' id='word_1_2' title='bbox 664 24 961 62; x_wconf 78' lang='lat' dir='ltr'><strong>FRAGMENTA</strong></span> 
     </span>
    </p>
   </div>
   <div class='ocr_carea' id='block_1_2' title="bbox 1422 0 1494 233">
    <p class='ocr_par' dir='ltr' id='par_1_2' title="bbox 1422 0 1494 233">
     <span class='ocr_line' id='line_1_2' title="bbox 1422 0 1494 233; baseline 0 2217"><span class='ocrx_word' id='word_1_3' title='bbox 1422 0 1494 233; x_wconf 95' lang='lat' dir='ltr'><strong><em> </em></strong></span> 
     </span>
    </p>
   </div>
   <div class='ocr_carea' id='block_1_3' title="bbox 704 192 920 233">
    <p class='ocr_par' dir='ltr' id='par_1_3' title="bbox 704 192 920 233">
     <span class='ocr_line' id='line_1_3' title="bbox 704 192 920 233; baseline 0.009 -2"><span class='ocrx_word' id='word_1_4' title='bbox 704 192 920 233; x_wconf 79' lang='grc' dir='ltr'><strong><em>Κωνικά.</em></strong></span> 
     </span>
    </p>
   </div>
   <div class='ocr_carea' id='block_1_4' title="bbox 63 256 1477 2076">
    <p class='ocr_par' dir='ltr' id='par_1_4' title="bbox 141 256 1477 475">
     <span class='ocr_line' id='line_1_4' title="bbox 202 256 1476 330; baseline 0.009 -23"><span class='ocrx_word' id='word_1_5' title='bbox 202 267 240 308; x_wconf 89' lang='grc'><strong><em>9.</em></strong></span> <span class='ocrx_word' id='word_1_6' title='bbox 272 267 441 322; x_wconf 82' lang='lat' dir='ltr'><strong>Pappus</strong></span> <span class='ocrx_word' id='word_1_7' title='bbox 467 272 634 324; x_wconf 88' lang='grc' dir='ltr'><strong><em>Συναγ.</em></strong></span> <span class='ocrx_word' id='word_1_8' title='bbox 656 269 737 312; x_wconf 92' lang='lat' dir='ltr'><strong><em>VII</em></strong></span> <span class='ocrx_word' id='word_1_9' title='bbox 755 271 812 313; x_wconf 89' lang='lat'><strong><em>30</em></strong></span> <span class='ocrx_word' id='word_1_10' title='bbox 836 287 875 326; x_wconf 90' lang='lat' dir='ltr'><strong><em>p.</em></strong></span> <span class='ocrx_word' id='word_1_11' title='bbox 896 273 991 327; x_wconf 86' lang='lat'><strong><em>672,</em></strong></span> <span class='ocrx_word' id='word_1_12' title='bbox 1010 275 1176 330; x_wconf 74' lang='lat' dir='ltr'><strong>lsssqq.:</strong></span> <span class='ocrx_word' id='word_1_13' title='bbox 1448 256 1476 311; x_wconf 42' lang='grc' dir='ltr'><strong>ὃ</strong></span> 
     </span>
     <span class='ocr_line' id='line_1_5' title="bbox 209 313 1476 398; baseline 0.01 -20"><span class='ocrx_word' id='word_1_14' title='bbox 209 338 268 378; x_wconf 83' lang='grc' dir='ltr'><strong><em>Τὰ</em></strong></span> <span class='ocrx_word' id='word_1_15' title='bbox 298 337 542 380; x_wconf 81' lang='grc' dir='ltr'><strong><em>Εὐκλείδου</em></strong></span> <span class='ocrx_word' id='word_1_16' title='bbox 574 340 723 393; x_wconf 87' lang='grc' dir='ltr'><strong><em>βιβλία</em></strong></span> <span class='ocrx_word' id='word_1_17' title='bbox 754 331 781 383; x_wconf 76' lang='grc' dir='ltr'><strong><em>δ</em></strong></span> <span class='ocrx_word' id='word_1_18' title='bbox 811 344 1027 385; x_wconf 83' lang='grc' dir='ltr'><strong><em>Κωνικῶν</em></strong></span> <span class='ocrx_word' id='word_1_19' title='bbox 1057 343 1339 397; x_wconf 79' lang='grc' dir='ltr'><strong><em>Ἀπολλώνιος</em></strong></span> <span class='ocrx_word' id='word_1_20' title='bbox 1368 313 1476 398; x_wconf 53' lang='lat' dir='ltr'><strong><em>dare}</em></strong></span> 
     </span>
     <span class='ocr_line' id='line_1_6' title="bbox 141 399 1477 475; baseline 0.01 -28"><span class='ocrx_word' id='word_1_21' title='bbox 141 408 315 457; x_wconf 79' lang='grc' dir='ltr'><em>πλώσας</em></span> <span class='ocrx_word' id='word_1_22' title='bbox 350 406 422 449; x_wconf 87' lang='grc' dir='ltr'><strong><em>καὶ</em></strong></span> <span class='ocrx_word' id='word_1_23' title='bbox 456 407 666 463; x_wconf 85' lang='grc' dir='ltr'><strong><em>προσθεὶς</em></strong></span> <span class='ocrx_word' id='word_1_24' title='bbox 700 409 823 464; x_wconf 83' lang='grc' dir='ltr'><strong><em>ἔτερα</em></strong></span> <span class='ocrx_word' id='word_1_25' title='bbox 857 402 884 454; x_wconf 76' lang='grc' dir='ltr'><strong><em>δ</em></strong></span> <span class='ocrx_word' id='word_1_26' title='bbox 916 413 1166 468; x_wconf 82' lang='grc' dir='ltr'><strong><em>παρέδωκεν</em></strong></span> <span class='ocrx_word' id='word_1_27' title='bbox 1198 417 1227 470; x_wconf 80' lang='grc' dir='ltr'><strong><em>ἦ</em></strong></span> <span class='ocrx_word' id='word_1_28' title='bbox 1259 399 1477 475; x_wconf 52' lang='grc' dir='ltr'><strong><em>Κωνικῶύἶ</em></strong></span> 
     </span>
    </p>

    <p class='ocr_par' dir='ltr' id='par_1_5' title="bbox 97 471 1474 525">
     <span class='ocr_line' id='line_1_7' title="bbox 97 471 1474 525; baseline 0.009 -17"><span class='ocrx_word' id='word_1_29' title='bbox 97 477 118 508; x_wconf 82' lang='lat'>5</span> <span class='ocrx_word' id='word_1_30' title='bbox 144 471 285 525; x_wconf 80' lang='grc' dir='ltr'><strong><em>τεύχη.</em></strong></span> <span class='ocrx_word' id='word_1_31' title='bbox 1472 476 1474 479; x_wconf 49' lang='grc'>’</span> 
     </span>
    </p>

    <p class='ocr_par' dir='ltr' id='par_1_6' title="bbox 142 534 1474 666">
     <span class='ocr_line' id='line_1_8' title="bbox 203 534 1474 601; baseline 0.011 -26"><span class='ocrx_word' id='word_1_32' title='bbox 203 534 441 577; x_wconf 79' lang='lat' dir='ltr'><strong>Scholiasta</strong></span> <span class='ocrx_word' id='word_1_33' title='bbox 465 535 597 591; x_wconf 82' lang='lat' dir='ltr'><strong>Pappi</strong></span> <span class='ocrx_word' id='word_1_34' title='bbox 619 536 681 579; x_wconf 95' lang='lat' dir='ltr'><strong><em>III</em></strong></span> <span class='ocrx_word' id='word_1_35' title='bbox 706 553 745 592; x_wconf 87' lang='lat' dir='ltr'><strong><em>p.</em></strong></span> <span class='ocrx_word' id='word_1_36' title='bbox 771 539 877 581; x_wconf 85' lang='lat'>1187</span> <span class='ocrx_word' id='word_1_37' title='bbox 905 540 955 582; x_wconf 82' lang='lat' dir='ltr'><strong><em>ad</em></strong></span> <span class='ocrx_word' id='word_1_38' title='bbox 980 540 1092 584; x_wconf 79' lang='lat' dir='ltr'>huno</span> <span class='ocrx_word' id='word_1_39' title='bbox 1116 542 1273 585; x_wconf 84' lang='lat' dir='ltr'>locum:</span> <span class='ocrx_word' id='word_1_40' title='bbox 1305 545 1370 587; x_wconf 85' lang='grc' dir='ltr'><strong><em>ὅτι</em></strong></span> <span class='ocrx_word' id='word_1_41' title='bbox 1399 541 1474 601; x_wconf 60' lang='grc' dir='ltr'><strong><em>καὶἶ</em></strong></span> 
     </span>
     <span class='ocr_line' id='line_1_9' title="bbox 142 604 1473 666; baseline 0.008 -21"><span class='ocrx_word' id='word_1_42' title='bbox 142 604 165 646; x_wconf 87' lang='grc' dir='ltr'>ὁ</span> <span class='ocrx_word' id='word_1_43' title='bbox 191 605 432 659; x_wconf 81' lang='grc' dir='ltr'><strong><em>Εὐκλείδης</em></strong></span> <span class='ocrx_word' id='word_1_44' title='bbox 455 614 654 649; x_wconf 85' lang='grc' dir='ltr'><em>κωνικῶν</em></span> <span class='ocrx_word' id='word_1_45' title='bbox 677 609 703 649; x_wconf 88' lang='grc' dir='ltr'><strong><em>δ</em></strong></span> <span class='ocrx_word' id='word_1_46' title='bbox 727 611 876 662; x_wconf 85' lang='grc' dir='ltr'><strong><em>βιβλία</em></strong></span> <span class='ocrx_word' id='word_1_47' title='bbox 900 609 1128 666; x_wconf 86' lang='grc' dir='ltr'><strong><em>γέγραφεν.</em></strong></span> <span class='ocrx_word' id='word_1_48' title='bbox 1469 619 1473 629; x_wconf 81' lang='grc'><strong><em>“’</em></strong></span> 
     </span>
    </p>

    <p class='ocr_par' dir='ltr' id='par_1_7' title="bbox 201 667 1033 729">
     <span class='ocr_line' id='line_1_10' title="bbox 201 667 1033 729; baseline 0.008 -20"><span class='ocrx_word' id='word_1_49' title='bbox 201 667 282 710; x_wconf 82' lang='lat' dir='ltr'><strong><em>cfr.</em></strong></span> <span class='ocrx_word' id='word_1_50' title='bbox 310 668 486 711; x_wconf 74' lang='lat' dir='ltr'><strong>Studien</strong></span> <span class='ocrx_word' id='word_1_51' title='bbox 511 671 614 712; x_wconf 76' lang='lat' dir='ltr'>iiber</span> <span class='ocrx_word' id='word_1_52' title='bbox 637 671 795 713; x_wconf 84' lang='lat' dir='ltr'><strong>Euklid</strong></span> <span class='ocrx_word' id='word_1_53' title='bbox 819 688 860 728; x_wconf 88' lang='lat' dir='ltr'><strong><em>p.</em></strong></span> <span class='ocrx_word' id='word_1_54' title='bbox 881 673 1033 729; x_wconf 87' lang='lat' dir='ltr'><strong>83sqq.</strong></span> 
     </span>
    </p>

    <p class='ocr_par' dir='ltr' id='par_1_8' title="bbox 202 732 1300 795">
     <span class='ocr_line' id='line_1_11' title="bbox 202 732 1300 795; baseline 0.009 -22"><span class='ocrx_word' id='word_1_55' title='bbox 202 733 266 774; x_wconf 90' lang='lat'><strong><em>10.</em></strong></span> <span class='ocrx_word' id='word_1_56' title='bbox 298 732 552 789; x_wconf 83' lang='lat' dir='ltr'><strong>Apollonius</strong></span> <span class='ocrx_word' id='word_1_57' title='bbox 576 734 787 790; x_wconf 79' lang='lat' dir='ltr'>Pergaeus</span> <span class='ocrx_word' id='word_1_58' title='bbox 813 736 953 780; x_wconf 83' lang='lat' dir='ltr'><strong>Conic.</strong></span> <span class='ocrx_word' id='word_1_59' title='bbox 973 737 994 779; x_wconf 95' lang='lat' dir='ltr'>I</span> <span class='ocrx_word' id='word_1_60' title='bbox 1018 753 1056 792; x_wconf 91' lang='lat' dir='ltr'><strong><em>p.</em></strong></span> <span class='ocrx_word' id='word_1_61' title='bbox 1076 739 1300 795; x_wconf 85' lang='lat' dir='ltr'><strong>4,10sqq.:</strong></span> 
     </span>
    </p>

    <p class='ocr_par' dir='ltr' id='par_1_9' title="bbox 73 795 1467 1115">
     <span class='ocr_line' id='line_1_12' title="bbox 73 795 1467 861; baseline 0.006 -21"><span class='ocrx_word' id='word_1_62' title='bbox 73 809 115 840; x_wconf 90' lang='lat'><strong><em>10</em></strong></span> <span class='ocrx_word' id='word_1_63' title='bbox 207 798 265 839; x_wconf 94' lang='grc' dir='ltr'><strong><em>Τὸ</em></strong></span> <span class='ocrx_word' id='word_1_64' title='bbox 287 795 334 840; x_wconf 76' lang='grc' dir='ltr'><strong><em>δὲ</em></strong></span> <span class='ocrx_word' id='word_1_65' title='bbox 352 800 501 853; x_wconf 87' lang='grc' dir='ltr'><strong><em>τρίτον</em></strong></span> <span class='ocrx_word' id='word_1_66' title='bbox 519 800 658 840; x_wconf 86' lang='grc' dir='ltr'><strong><em>πολλὰ</em></strong></span> <span class='ocrx_word' id='word_1_67' title='bbox 677 799 748 841; x_wconf 86' lang='grc' dir='ltr'><strong><em>καὶ</em></strong></span> <span class='ocrx_word' id='word_1_68' title='bbox 766 801 989 855; x_wconf 78' lang='grc' dir='ltr'><strong><em>παράδοξα</em></strong></span> <span class='ocrx_word' id='word_1_69' title='bbox 1006 806 1265 858; x_wconf 85' lang='grc' dir='ltr'><strong><em>θεωρήματα</em></strong></span> <span class='ocrx_word' id='word_1_70' title='bbox 1283 808 1467 861; x_wconf 79' lang='grc' dir='ltr'><strong><em>χρήσιμα</em></strong></span> 
     </span>
     <span class='ocr_line' id='line_1_13' title="bbox 138 862 1467 921; baseline 0.008 -19"><span class='ocrx_word' id='word_1_71' title='bbox 138 862 247 915; x_wconf 89' lang='grc' dir='ltr'><strong><em>πρός</em></strong></span> <span class='ocrx_word' id='word_1_72' title='bbox 282 877 328 903; x_wconf 90' lang='grc' dir='ltr'><strong><em>τε</em></strong></span> <span class='ocrx_word' id='word_1_73' title='bbox 363 863 440 912; x_wconf 84' lang='grc' dir='ltr'><strong><em>τὰς</em></strong></span> <span class='ocrx_word' id='word_1_74' title='bbox 477 862 708 912; x_wconf 83' lang='grc' dir='ltr'><strong><em>συνθέσεις</em></strong></span> <span class='ocrx_word' id='word_1_75' title='bbox 743 871 832 906; x_wconf 88' lang='grc' dir='ltr'><strong><em>τῶν</em></strong></span> <span class='ocrx_word' id='word_1_76' title='bbox 868 873 1056 920; x_wconf 81' lang='grc' dir='ltr'><strong><em>στερεῶν</em></strong></span> <span class='ocrx_word' id='word_1_77' title='bbox 1091 869 1235 910; x_wconf 85' lang='grc' dir='ltr'><strong><em>τόπων</em></strong></span> <span class='ocrx_word' id='word_1_78' title='bbox 1265 868 1335 911; x_wconf 84' lang='grc' dir='ltr'><strong><em>καὶ</em></strong></span> <span class='ocrx_word' id='word_1_79' title='bbox 1366 872 1467 921; x_wconf 85' lang='grc' dir='ltr'><strong><em>τοὺς</em></strong></span> 
     </span>
     <span class='ocr_line' id='line_1_14' title="bbox 139 923 1464 987; baseline 0.008 -21"><span class='ocrx_word' id='word_1_80' title='bbox 139 926 406 980; x_wconf 83' lang='grc' dir='ltr'><strong><em>διορισμούς,</em></strong></span> <span class='ocrx_word' id='word_1_81' title='bbox 444 923 506 968; x_wconf 82' lang='grc' dir='ltr'><strong><em>ὧν</em></strong></span> <span class='ocrx_word' id='word_1_82' title='bbox 542 928 594 969; x_wconf 85' lang='grc' dir='ltr'><strong><em>τὰ</em></strong></span> <span class='ocrx_word' id='word_1_83' title='bbox 629 930 806 969; x_wconf 88' lang='grc' dir='ltr'><strong><em>πλεῖστα</em></strong></span> <span class='ocrx_word' id='word_1_84' title='bbox 842 930 913 971; x_wconf 85' lang='grc' dir='ltr'><strong><em>καὶ</em></strong></span> <span class='ocrx_word' id='word_1_85' title='bbox 950 931 1155 973; x_wconf 76' lang='grc' dir='ltr'><strong><em>κάλλιστα</em></strong></span> <span class='ocrx_word' id='word_1_86' title='bbox 1191 932 1303 987; x_wconf 81' lang='grc' dir='ltr'><strong><em>ξένα,</em></strong></span> <span class='ocrx_word' id='word_1_87' title='bbox 1340 933 1366 975; x_wconf 79' lang='grc' dir='ltr'><em>ἃ</em></span> <span class='ocrx_word' id='word_1_88' title='bbox 1395 935 1464 977; x_wconf 74' lang='grc' dir='ltr'><strong><em>καὶ</em></strong></span> 
     </span>
     <span class='ocr_line' id='line_1_15' title="bbox 138 991 1464 1047; baseline 0.009 -18"><span class='ocrx_word' id='word_1_89' title='bbox 138 993 480 1043; x_wconf 82' lang='grc' dir='ltr'><strong><em>κατανοήσαντες</em></strong></span> <span class='ocrx_word' id='word_1_90' title='bbox 499 991 757 1045; x_wconf 87' lang='grc' dir='ltr'><strong><em>συνείδομεν</em></strong></span> <span class='ocrx_word' id='word_1_91' title='bbox 774 994 832 1046; x_wconf 83' lang='grc' dir='ltr'><strong><em>μὴ</em></strong></span> <span class='ocrx_word' id='word_1_92' title='bbox 853 993 1169 1047; x_wconf 80' lang='grc' dir='ltr'><strong><em>συντιθέμενον</em></strong></span> <span class='ocrx_word' id='word_1_93' title='bbox 1186 996 1272 1039; x_wconf 86' lang='grc' dir='ltr'><strong><em>ὑπὸ</em></strong></span> <span class='ocrx_word' id='word_1_94' title='bbox 1288 998 1464 1040; x_wconf 82' lang='grc' dir='ltr'><strong><em>Εὐκλεί-</em></strong></span> 
     </span>
     <span class='ocr_line' id='line_1_16' title="bbox 137 1053 1465 1115; baseline 0.008 -22"><span class='ocrx_word' id='word_1_95' title='bbox 137 1053 218 1094; x_wconf 90' lang='grc' dir='ltr'><strong><em>δου</em></strong></span> <span class='ocrx_word' id='word_1_96' title='bbox 251 1054 330 1096; x_wconf 87' lang='grc' dir='ltr'><strong><em>τὸν</em></strong></span> <span class='ocrx_word' id='word_1_97' title='bbox 365 1053 434 1096; x_wconf 84' lang='grc' dir='ltr'><strong><em>ἐπὶ</em></strong></span> <span class='ocrx_word' id='word_1_98' title='bbox 465 1062 579 1110; x_wconf 80' lang='grc' dir='ltr'><strong><em>τρεῖς</em></strong></span> <span class='ocrx_word' id='word_1_99' title='bbox 608 1054 680 1097; x_wconf 86' lang='grc' dir='ltr'><strong><em>καὶ</em></strong></span> <span class='ocrx_word' id='word_1_100' title='bbox 710 1055 920 1110; x_wconf 82' lang='grc' dir='ltr'><strong><em>τέσσαρας</em></strong></span> <span class='ocrx_word' id='word_1_101' title='bbox 949 1060 1146 1112; x_wconf 82' lang='grc' dir='ltr'><strong><em>γραμμὰς</em></strong></span> <span class='ocrx_word' id='word_1_102' title='bbox 1174 1062 1323 1115; x_wconf 83' lang='grc' dir='ltr'><strong><em>τόπον,</em></strong></span> <span class='ocrx_word' id='word_1_103' title='bbox 1359 1061 1465 1104; x_wconf 80' lang='grc' dir='ltr'><strong><em>ἀλλὰ</em></strong></span> 
     </span>
    </p>

    <p class='ocr_par' dir='ltr' id='par_1_10' title="bbox 71 1115 1463 1298">
     <span class='ocr_line' id='line_1_17' title="bbox 71 1115 1463 1180; baseline 0.009 -24"><span class='ocrx_word' id='word_1_104' title='bbox 71 1132 111 1162; x_wconf 83' lang='lat'><strong><em>15</em></strong></span> <span class='ocrx_word' id='word_1_105' title='bbox 137 1117 292 1170; x_wconf 83' lang='grc' dir='ltr'><strong><em>μόριον</em></strong></span> <span class='ocrx_word' id='word_1_106' title='bbox 317 1115 363 1159; x_wconf 87' lang='grc' dir='ltr'><strong><em>τὸ</em></strong></span> <span class='ocrx_word' id='word_1_107' title='bbox 390 1118 524 1172; x_wconf 85' lang='grc' dir='ltr'><strong><em>τυχὸν</em></strong></span> <span class='ocrx_word' id='word_1_108' title='bbox 548 1118 683 1160; x_wconf 89' lang='grc' dir='ltr'><strong><em>αὐτοῦ</em></strong></span> <span class='ocrx_word' id='word_1_109' title='bbox 709 1118 779 1161; x_wconf 86' lang='grc' dir='ltr'><strong><em>καὶ</em></strong></span> <span class='ocrx_word' id='word_1_110' title='bbox 804 1126 933 1163; x_wconf 87' lang='grc' dir='ltr'><strong><em>τοῦτο</em></strong></span> <span class='ocrx_word' id='word_1_111' title='bbox 959 1122 1039 1163; x_wconf 87' lang='grc' dir='ltr'><strong><em>οὐκ</em></strong></span> <span class='ocrx_word' id='word_1_112' title='bbox 1065 1123 1273 1178; x_wconf 85' lang='grc' dir='ltr'><strong><em>εὐτυχῶς·</em></strong></span> <span class='ocrx_word' id='word_1_113' title='bbox 1306 1126 1358 1167; x_wconf 89' lang='grc' dir='ltr'><strong><em>οὐ</em></strong></span> <span class='ocrx_word' id='word_1_114' title='bbox 1383 1127 1463 1180; x_wconf 80' lang='grc' dir='ltr'><strong><em>γὰρ</em></strong></span> 
     </span>
     <span class='ocr_line' id='line_1_18' title="bbox 137 1177 1463 1244; baseline 0.008 -23"><span class='ocrx_word' id='word_1_115' title='bbox 137 1177 194 1232; x_wconf 88' lang='grc' dir='ltr'><strong><em>ἧν</em></strong></span> <span class='ocrx_word' id='word_1_116' title='bbox 218 1181 411 1223; x_wconf 90' lang='grc' dir='ltr'><strong><em>δυνατὸν</em></strong></span> <span class='ocrx_word' id='word_1_117' title='bbox 435 1182 541 1223; x_wconf 81' lang='grc' dir='ltr'><strong><em>ἄνευ</em></strong></span> <span class='ocrx_word' id='word_1_118' title='bbox 566 1190 654 1225; x_wconf 88' lang='grc' dir='ltr'><strong><em>τῶν</em></strong></span> <span class='ocrx_word' id='word_1_119' title='bbox 677 1185 1043 1240; x_wconf 83' lang='grc' dir='ltr'><strong><em>προσευρημένων</em></strong></span> <span class='ocrx_word' id='word_1_120' title='bbox 1061 1186 1165 1240; x_wconf 80' lang='grc' dir='ltr'><strong><em>ἡμῖν</em></strong></span> <span class='ocrx_word' id='word_1_121' title='bbox 1183 1190 1463 1244; x_wconf 78' lang='grc' dir='ltr'><strong><em>τελειωθῆναι</em></strong></span> 
     </span>
     <span class='ocr_line' id='line_1_19' title="bbox 136 1245 465 1298; baseline 0.006 -13"><span class='ocrx_word' id='word_1_122' title='bbox 136 1245 216 1298; x_wconf 84' lang='grc' dir='ltr'><strong><em>τὴν</em></strong></span> <span class='ocrx_word' id='word_1_123' title='bbox 241 1245 465 1287; x_wconf 91' lang='grc' dir='ltr'><strong><em>σύνθεσιν.</em></strong></span> 
     </span>
    </p>

    <p class='ocr_par' dir='ltr' id='par_1_11' title="bbox 193 1307 1462 1432">
     <span class='ocr_line' id='line_1_20' title="bbox 195 1307 976 1367; baseline 0.008 -18"><span class='ocrx_word' id='word_1_124' title='bbox 195 1307 279 1350; x_wconf 83' lang='lat' dir='ltr'><strong>cfr.</strong></span> <span class='ocrx_word' id='word_1_125' title='bbox 305 1309 474 1364; x_wconf 86' lang='lat' dir='ltr'><strong>Pappus</strong></span> <span class='ocrx_word' id='word_1_126' title='bbox 495 1309 577 1351; x_wconf 94' lang='lat' dir='ltr'><strong><em>VII</em></strong></span> <span class='ocrx_word' id='word_1_127' title='bbox 597 1311 653 1352; x_wconf 83' lang='lat'><strong><em>32</em></strong></span> <span class='ocrx_word' id='word_1_128' title='bbox 679 1326 718 1366; x_wconf 88' lang='lat' dir='ltr'><strong><em>p.</em></strong></span> <span class='ocrx_word' id='word_1_129' title='bbox 738 1312 836 1365; x_wconf 88' lang='grc'><strong>676,</strong></span> <span class='ocrx_word' id='word_1_130' title='bbox 853 1312 976 1367; x_wconf 86' lang='lat' dir='ltr'><strong>3sqq.</strong></span> 
     </span>
     <span class='ocr_line' id='line_1_21' title="bbox 193 1372 1462 1432; baseline 0.008 -19"><span class='ocrx_word' id='word_1_131' title='bbox 193 1372 361 1427; x_wconf 80' lang='lat' dir='ltr'><strong>Pappus</strong></span> <span class='ocrx_word' id='word_1_132' title='bbox 373 1372 456 1415; x_wconf 93' lang='lat' dir='ltr'><strong><em>VII</em></strong></span> <span class='ocrx_word' id='word_1_133' title='bbox 475 1374 531 1415; x_wconf 89' lang='lat'><strong><em>33</em></strong></span> <span class='ocrx_word' id='word_1_134' title='bbox 550 1390 589 1429; x_wconf 90' lang='lat' dir='ltr'><strong><em>p.</em></strong></span> <span class='ocrx_word' id='word_1_135' title='bbox 611 1375 708 1430; x_wconf 82' lang='lat'><strong><em>676,</em></strong></span> <span class='ocrx_word' id='word_1_136' title='bbox 724 1376 893 1431; x_wconf 85' lang='lat' dir='ltr'><strong>l9sqq.:</strong></span> <span class='ocrx_word' id='word_1_137' title='bbox 916 1376 1199 1428; x_wconf 79' lang='grc' dir='ltr'><strong><em>Ἀπολλώνιος</em></strong></span> <span class='ocrx_word' id='word_1_138' title='bbox 1215 1377 1295 1432; x_wconf 74' lang='grc' dir='ltr'><strong><em>μὲν</em></strong></span> <span class='ocrx_word' id='word_1_139' title='bbox 1313 1385 1462 1422; x_wconf 85' lang='grc' dir='ltr'><strong><em>ταῦτα·</em></strong></span> 
     </span>
    </p>

    <p class='ocr_par' dir='ltr' id='par_1_12' title="bbox 65 1438 1462 1756">
     <span class='ocr_line' id='line_1_22' title="bbox 65 1438 1461 1504; baseline 0.007 -22"><span class='ocrx_word' id='word_1_140' title='bbox 65 1457 108 1487; x_wconf 83' lang='lat'><strong><em>20</em></strong></span> <span class='ocrx_word' id='word_1_141' title='bbox 135 1441 187 1483; x_wconf 90' lang='grc' dir='ltr'><strong><em>ὃν</em></strong></span> <span class='ocrx_word' id='word_1_142' title='bbox 206 1442 257 1484; x_wconf 86' lang='grc' dir='ltr'><strong><em>δέ</em></strong></span> <span class='ocrx_word' id='word_1_143' title='bbox 273 1454 408 1497; x_wconf 90' lang='grc' dir='ltr'><strong><em>φησιν</em></strong></span> <span class='ocrx_word' id='word_1_144' title='bbox 427 1441 475 1484; x_wconf 82' lang='grc' dir='ltr'><strong><em>ἐν</em></strong></span> <span class='ocrx_word' id='word_1_145' title='bbox 494 1449 556 1499; x_wconf 75' lang='grc' dir='ltr'><strong><em>τῷ</em></strong></span> <span class='ocrx_word' id='word_1_146' title='bbox 577 1447 707 1501; x_wconf 79' lang='grc' dir='ltr'><strong><em>τρίτῳ</em></strong></span> <span class='ocrx_word' id='word_1_147' title='bbox 733 1448 869 1488; x_wconf 84' lang='grc' dir='ltr'><strong><em>τόπον</em></strong></span> <span class='ocrx_word' id='word_1_148' title='bbox 893 1446 962 1488; x_wconf 79' lang='grc' dir='ltr'><strong><em>ἐπὶ</em></strong></span> <span class='ocrx_word' id='word_1_149' title='bbox 988 1449 1015 1500; x_wconf 74' lang='grc' dir='ltr'><strong><em>γ</em></strong></span> <span class='ocrx_word' id='word_1_150' title='bbox 1039 1446 1109 1489; x_wconf 88' lang='grc' dir='ltr'><strong><em>καὶ</em></strong></span> <span class='ocrx_word' id='word_1_151' title='bbox 1136 1438 1162 1489; x_wconf 77' lang='grc' dir='ltr'><strong><em>δ</em></strong></span> <span class='ocrx_word' id='word_1_152' title='bbox 1185 1449 1383 1503; x_wconf 74' lang='grc' dir='ltr'><strong><em>γραμμὰς</em></strong></span> <span class='ocrx_word' id='word_1_153' title='bbox 1405 1450 1461 1504; x_wconf 86' lang='grc' dir='ltr'><strong><em>μὴ</em></strong></span> 
     </span>
     <span class='ocr_line' id='line_1_23' title="bbox 133 1507 1462 1568; baseline 0.006 -21"><span class='ocrx_word' id='word_1_154' title='bbox 133 1510 420 1561; x_wconf 84' lang='grc' dir='ltr'><strong><em>τελειωθῆναι</em></strong></span> <span class='ocrx_word' id='word_1_155' title='bbox 455 1507 542 1549; x_wconf 89' lang='grc' dir='ltr'><strong><em>ὑπὸ</em></strong></span> <span class='ocrx_word' id='word_1_156' title='bbox 580 1508 843 1563; x_wconf 80' lang='grc' dir='ltr'><strong><em>Εὐκλείδου,</em></strong></span> <span class='ocrx_word' id='word_1_157' title='bbox 880 1508 974 1552; x_wconf 90' lang='grc' dir='ltr'><strong><em>οὐδ’</em></strong></span> <span class='ocrx_word' id='word_1_158' title='bbox 1004 1511 1058 1552; x_wconf 75' lang='grc' dir='ltr'><strong><em>ἂν</em></strong></span> <span class='ocrx_word' id='word_1_159' title='bbox 1096 1512 1227 1561; x_wconf 87' lang='grc' dir='ltr'><strong><em>αὐτὸς</em></strong></span> <span class='ocrx_word' id='word_1_160' title='bbox 1261 1513 1462 1568; x_wconf 83' lang='grc' dir='ltr'><strong><em>ἠδυνήθη</em></strong></span> 
     </span>
     <span class='ocr_line' id='line_1_24' title="bbox 134 1569 1462 1630; baseline 0.005 -18"><span class='ocrx_word' id='word_1_161' title='bbox 134 1569 228 1612; x_wconf 84' lang='grc' dir='ltr'><strong><em>οὐδ’</em></strong></span> <span class='ocrx_word' id='word_1_162' title='bbox 254 1571 383 1621; x_wconf 79' lang='grc' dir='ltr'><strong><em>ἄλλος</em></strong></span> <span class='ocrx_word' id='word_1_163' title='bbox 414 1571 559 1621; x_wconf 84' lang='grc' dir='ltr'><strong><em>οὐδεὶς</em></strong></span> <span class='ocrx_word' id='word_1_164' title='bbox 590 1571 683 1614; x_wconf 82' lang='grc' dir='ltr'><strong><em>ἀλλ’</em></strong></span> <span class='ocrx_word' id='word_1_165' title='bbox 708 1573 812 1615; x_wconf 81' lang='grc' dir='ltr'><strong><em>οὐδὲ</em></strong></span> <span class='ocrx_word' id='word_1_166' title='bbox 840 1576 998 1628; x_wconf 85' lang='grc' dir='ltr'><strong><em>μικρόν</em></strong></span> <span class='ocrx_word' id='word_1_167' title='bbox 1022 1591 1062 1616; x_wconf 86' lang='grc' dir='ltr'><strong><em>τι</em></strong></span> <span class='ocrx_word' id='word_1_168' title='bbox 1086 1580 1348 1630; x_wconf 84' lang='grc' dir='ltr'><strong><em>προσθεῖναι</em></strong></span> <span class='ocrx_word' id='word_1_169' title='bbox 1372 1583 1462 1626; x_wconf 88' lang='grc' dir='ltr'><strong><em>τοῖς</em></strong></span> 
     </span>
     <span class='ocr_line' id='line_1_25' title="bbox 131 1634 1461 1694; baseline 0.005 -19"><span class='ocrx_word' id='word_1_170' title='bbox 131 1634 216 1676; x_wconf 84' lang='grc' dir='ltr'><strong><em>ὑπὸ</em></strong></span> <span class='ocrx_word' id='word_1_171' title='bbox 242 1635 484 1678; x_wconf 86' lang='grc' dir='ltr'><strong><em>Εὐκλείδου</em></strong></span> <span class='ocrx_word' id='word_1_172' title='bbox 510 1643 742 1691; x_wconf 78' lang='grc' dir='ltr'><strong><em>γραφεῖσιν</em></strong></span> <span class='ocrx_word' id='word_1_173' title='bbox 767 1637 837 1679; x_wconf 78' lang='grc' dir='ltr'><strong><em>διά</em></strong></span> <span class='ocrx_word' id='word_1_174' title='bbox 860 1653 908 1691; x_wconf 84' lang='grc' dir='ltr'><strong><em>γε</em></strong></span> <span class='ocrx_word' id='word_1_175' title='bbox 932 1640 1078 1691; x_wconf 88' lang='grc' dir='ltr'><strong><em>μόνων</em></strong></span> <span class='ocrx_word' id='word_1_176' title='bbox 1101 1646 1189 1681; x_wconf 88' lang='grc' dir='ltr'><strong><em>τῶν</em></strong></span> <span class='ocrx_word' id='word_1_177' title='bbox 1213 1641 1461 1694; x_wconf 89' lang='grc' dir='ltr'><strong><em>προδεδειγ-</em></strong></span> 
     </span>
     <span class='ocr_line' id='line_1_26' title="bbox 133 1698 1460 1756; baseline 0.004 -16"><span class='ocrx_word' id='word_1_178' title='bbox 133 1698 278 1752; x_wconf 79' lang='grc' dir='ltr'><strong><em>μένων</em></strong></span> <span class='ocrx_word' id='word_1_179' title='bbox 307 1700 389 1754; x_wconf 81' lang='grc' dir='ltr'><strong><em>ἤδη</em></strong></span> <span class='ocrx_word' id='word_1_180' title='bbox 424 1708 622 1742; x_wconf 86' lang='grc' dir='ltr'><strong><em>κωνικῶν</em></strong></span> <span class='ocrx_word' id='word_1_181' title='bbox 652 1701 750 1755; x_wconf 77' lang='grc' dir='ltr'><strong><em>ἄχρι</em></strong></span> <span class='ocrx_word' id='word_1_182' title='bbox 780 1708 867 1743; x_wconf 87' lang='grc' dir='ltr'><strong><em>τῶν</em></strong></span> <span class='ocrx_word' id='word_1_183' title='bbox 898 1700 989 1743; x_wconf 86' lang='grc' dir='ltr'><strong><em>κατ’</em></strong></span> <span class='ocrx_word' id='word_1_184' title='bbox 1013 1702 1268 1756; x_wconf 80' lang='grc' dir='ltr'><strong><em>Εὐκλείδην,</em></strong></span> <span class='ocrx_word' id='word_1_185' title='bbox 1303 1704 1360 1752; x_wconf 84' lang='grc' dir='ltr'><strong><em>ὡς</em></strong></span> <span class='ocrx_word' id='word_1_186' title='bbox 1390 1702 1460 1745; x_wconf 82' lang='grc' dir='ltr'><strong><em>καὶ</em></strong></span> 
     </span>
    </p>

    <p class='ocr_par' dir='ltr' id='par_1_13' title="bbox 63 1761 1461 2076">
     <span class='ocr_line' id='line_1_27' title="bbox 63 1761 1460 1823; baseline 0.005 -20"><span class='ocrx_word' id='word_1_187' title='bbox 63 1777 107 1807; x_wconf 77' lang='lat'><strong><em>25</em></strong></span> <span class='ocrx_word' id='word_1_188' title='bbox 133 1762 263 1812; x_wconf 87' lang='grc' dir='ltr'><strong><em>αὐτὸς</em></strong></span> <span class='ocrx_word' id='word_1_189' title='bbox 285 1771 496 1818; x_wconf 88' lang='grc' dir='ltr'><strong><em>μαρτυρεῖ</em></strong></span> <span class='ocrx_word' id='word_1_190' title='bbox 521 1763 660 1818; x_wconf 79' lang='grc' dir='ltr'><strong><em>λέγων</em></strong></span> <span class='ocrx_word' id='word_1_191' title='bbox 683 1764 903 1807; x_wconf 85' lang='grc' dir='ltr'><strong><em>ἀδύνατον</em></strong></span> <span class='ocrx_word' id='word_1_192' title='bbox 927 1761 1038 1807; x_wconf 84' lang='grc' dir='ltr'><strong><em>εἶναι</em></strong></span> <span class='ocrx_word' id='word_1_193' title='bbox 1057 1769 1356 1821; x_wconf 83' lang='grc' dir='ltr'><strong><em>τελειωθῆναι,</em></strong></span> <span class='ocrx_word' id='word_1_194' title='bbox 1381 1783 1460 1823; x_wconf 82' lang='grc' dir='ltr'><strong><em>χω-</em></strong></span> 
     </span>
     <span class='ocr_line' id='line_1_28' title="bbox 132 1823 1461 1886; baseline 0.005 -19"><span class='ocrx_word' id='word_1_195' title='bbox 132 1825 200 1879; x_wconf 76' lang='grc' dir='ltr'><strong><em>ρὶς</em></strong></span> <span class='ocrx_word' id='word_1_196' title='bbox 231 1823 293 1868; x_wconf 85' lang='grc' dir='ltr'><strong><em>ὧν</em></strong></span> <span class='ocrx_word' id='word_1_197' title='bbox 323 1827 454 1877; x_wconf 86' lang='grc' dir='ltr'><strong><em>αὐτὸς</em></strong></span> <span class='ocrx_word' id='word_1_198' title='bbox 483 1829 756 1882; x_wconf 77' lang='grc' dir='ltr'><strong><em>προγράφειν</em></strong></span> <span class='ocrx_word' id='word_1_199' title='bbox 785 1830 1052 1885; x_wconf 77' lang='grc' dir='ltr'><strong><em>ἠναγκάσθη.</em></strong></span> <span class='ocrx_word' id='word_1_200' title='bbox 1101 1829 1125 1872; x_wconf 84' lang='grc' dir='ltr'>ὁ</span> <span class='ocrx_word' id='word_1_201' title='bbox 1150 1828 1199 1872; x_wconf 73' lang='grc' dir='ltr'><strong><em>δὲ</em></strong></span> <span class='ocrx_word' id='word_1_202' title='bbox 1222 1831 1461 1886; x_wconf 83' lang='grc' dir='ltr'><strong><em>Εὐκλείδης</em></strong></span> 
     </span>
     <span class='ocr_line' id='line_1_29' title="bbox 132 1889 1458 1949; baseline 0.004 -18"><span class='ocrx_word' id='word_1_203' title='bbox 132 1890 449 1945; x_wconf 85' lang='grc' dir='ltr'><strong><em>ἀποδεχόμενος</em></strong></span> <span class='ocrx_word' id='word_1_204' title='bbox 485 1892 562 1934; x_wconf 87' lang='grc' dir='ltr'><strong><em>τὸν</em></strong></span> <span class='ocrx_word' id='word_1_205' title='bbox 592 1892 832 1947; x_wconf 79' lang='grc' dir='ltr'><strong><em>Ἀρισταῖον</em></strong></span> <span class='ocrx_word' id='word_1_206' title='bbox 868 1894 988 1944; x_wconf 77' lang='grc' dir='ltr'><strong><em>ἄξιον</em></strong></span> <span class='ocrx_word' id='word_1_207' title='bbox 1023 1894 1148 1948; x_wconf 79' lang='grc' dir='ltr'><strong><em>ὄντα,</em></strong></span> <span class='ocrx_word' id='word_1_208' title='bbox 1184 1893 1251 1948; x_wconf 77' lang='grc' dir='ltr'><strong><em>ἐφ’</em></strong></span> <span class='ocrx_word' id='word_1_209' title='bbox 1282 1889 1348 1944; x_wconf 88' lang='grc' dir='ltr'><strong><em>οἷς</em></strong></span> <span class='ocrx_word' id='word_1_210' title='bbox 1378 1895 1458 1949; x_wconf 83' lang='grc' dir='ltr'><strong><em>ἤδη</em></strong></span> 
     </span>
     <span class='ocr_line' id='line_1_30' title="bbox 130 1956 1460 2013; baseline 0.004 -18"><span class='ocrx_word' id='word_1_211' title='bbox 130 1956 427 2009; x_wconf 83' lang='grc' dir='ltr'><strong><em>παραδεδώκει</em></strong></span> <span class='ocrx_word' id='word_1_212' title='bbox 464 1964 677 2010; x_wconf 83' lang='grc' dir='ltr'><strong><em>κωνικοῖς,</em></strong></span> <span class='ocrx_word' id='word_1_213' title='bbox 714 1957 785 1999; x_wconf 83' lang='grc' dir='ltr'><strong><em>καὶ</em></strong></span> <span class='ocrx_word' id='word_1_214' title='bbox 820 1958 876 2012; x_wconf 85' lang='grc' dir='ltr'><strong><em>μὴ</em></strong></span> <span class='ocrx_word' id='word_1_215' title='bbox 915 1958 1091 2011; x_wconf 81' lang='grc' dir='ltr'><strong><em>φθάσας</em></strong></span> <span class='ocrx_word' id='word_1_216' title='bbox 1127 1957 1152 2011; x_wconf 83' lang='grc' dir='ltr'>ἢ</span> <span class='ocrx_word' id='word_1_217' title='bbox 1182 1958 1240 2012; x_wconf 85' lang='grc' dir='ltr'><strong><em>μὴ</em></strong></span> <span class='ocrx_word' id='word_1_218' title='bbox 1271 1960 1460 2013; x_wconf 85' lang='grc' dir='ltr'><strong><em>θελήσας</em></strong></span> 
     </span>
     <span class='ocr_line' id='line_1_31' title="bbox 132 2016 1458 2076; baseline 0.004 -17"><span class='ocrx_word' id='word_1_219' title='bbox 132 2016 551 2072; x_wconf 79' lang='grc' dir='ltr'><strong><em>ἐπικαταβάλλεσθαι</em></strong></span> <span class='ocrx_word' id='word_1_220' title='bbox 587 2021 755 2062; x_wconf 85' lang='grc' dir='ltr'><strong><em>τούτων</em></strong></span> <span class='ocrx_word' id='word_1_221' title='bbox 790 2022 870 2075; x_wconf 87' lang='grc' dir='ltr'><strong><em>τὴν</em></strong></span> <span class='ocrx_word' id='word_1_222' title='bbox 906 2022 1043 2075; x_wconf 86' lang='grc' dir='ltr'><strong><em>αὐτὴν</em></strong></span> <span class='ocrx_word' id='word_1_223' title='bbox 1080 2023 1376 2076; x_wconf 79' lang='grc' dir='ltr'><strong><em>πραγματείαν</em></strong></span> <span class='ocrx_word' id='word_1_224' title='bbox 1401 2054 1409 2064; x_wconf 94' lang='grc'><em>.</em></span> <span class='ocrx_word' id='word_1_225' title='bbox 1434 2054 1458 2075; x_wconf 93' lang='grc'><strong><em>.,</em></strong></span> 
     </span>
    </p>
   </div>
   <div class='ocr_carea' id='block_1_5' title="bbox 132 2145 1454 2273">
    <p class='ocr_par' dir='ltr' id='par_1_14' title="bbox 132 2145 1454 2273">
     <span class='ocr_line' id='line_1_32' title="bbox 190 2145 1364 2192; baseline 0.003 -13"><span class='ocrx_word' id='word_1_226' title='bbox 190 2149 223 2179; x_wconf 83' lang='grc'><strong><em>3.</em></strong></span> <span class='ocrx_word' id='word_1_227' title='bbox 261 2145 495 2192; x_wconf 77' lang='grc' dir='ltr'><strong><em>ἀναπλώσας]</em></strong></span> <span class='ocrx_word' id='word_1_228' title='bbox 530 2146 627 2189; x_wconf 86' lang='lat' dir='ltr'><strong>cod.‚</strong></span> <span class='ocrx_word' id='word_1_229' title='bbox 666 2147 930 2191; x_wconf 79' lang='grc' dir='ltr'><strong><em>ἀναπληρώσας</em></strong></span> <span class='ocrx_word' id='word_1_230' title='bbox 963 2146 1117 2183; x_wconf 71' lang='lat' dir='ltr'><strong>Hultach</strong></span> <span class='ocrx_word' id='word_1_231' title='bbox 1151 2157 1234 2182; x_wconf 78' lang='lat' dir='ltr'><strong><em>oum</em></strong></span> <span class='ocrx_word' id='word_1_232' title='bbox 1270 2147 1364 2182; x_wconf 71' lang='lat' dir='ltr'><strong>aliis.</strong></span> 
     </span>
     <span class='ocr_line' id='line_1_33' title="bbox 132 2189 1454 2273; baseline 0.002 -47"><span class='ocrx_word' id='word_1_233' title='bbox 132 2189 299 2273; x_wconf 45' lang='grc' dir='ltr'><strong><em>ἒίἳῶἑλέἐ</em></strong></span> <span class='ocrx_word' id='word_1_234' title='bbox 315 2212 359 2217; x_wconf 92' lang='grc'>-</span> <span class='ocrx_word' id='word_1_235' title='bbox 386 2195 439 2227; x_wconf 77' lang='lat'><strong><em>28.</em></strong></span> <span class='ocrx_word' id='word_1_236' title='bbox 466 2194 671 2238; x_wconf 76' lang='grc' dir='ltr'><strong><em>γραφεῖσιν]</em></strong></span> <span class='ocrx_word' id='word_1_237' title='bbox 698 2193 767 2227; x_wconf 84' lang='lat' dir='ltr'><strong>del.</strong></span> <span class='ocrx_word' id='word_1_238' title='bbox 794 2193 961 2228; x_wconf 69' lang='lat' dir='ltr'><strong>Hultach.</strong></span> <span class='ocrx_word' id='word_1_239' title='bbox 1082 2197 1136 2228; x_wconf 82' lang='lat'><strong><em>26.</em></strong></span> <span class='ocrx_word' id='word_1_240' title='bbox 1169 2192 1189 2228; x_wconf 81' lang='grc' dir='ltr'><strong><em>ὁ</em></strong></span> <span class='ocrx_word' id='word_1_241' title='bbox 1215 2194 1255 2228; x_wconf 78' lang='grc' dir='ltr'><strong><em>δὲ</em></strong></span> <span class='ocrx_word' id='word_1_242' title='bbox 1281 2205 1358 2238; x_wconf 84' lang='lat' dir='ltr'><strong>sqq.</strong></span> <span class='ocrx_word' id='word_1_243' title='bbox 1385 2193 1454 2228; x_wconf 83' lang='lat' dir='ltr'><strong>del.</strong></span> 
     </span>
    </p>
   </div>
  </div>
 </body>
</html>
