1456 2456
554 91 893 128 PHAENOME'NA
1386 92 1413 133 5

60 216 204 245 omnes
229 203 271 243 et
297 200 482 243 orientes
511 203 553 242 et
578 200 820 243 occidentes
847 200 1183 256 conspiciuntur,
1211 201 1311 255 quia
1338 200 1414 242 cir-

59 267 143 310 culi
168 281 312 309 earum
337 280 425 308 non
450 266 534 307 toti
560 280 689 320 super
714 269 871 308 terram
898 268 1011 320 sunt,
1039 265 1112 307 sed
1138 279 1240 321 pars
1267 280 1414 308 eorum

59 346 184 388 super
208 333 378 387 terram,
403 331 569 387 reliqua
589 334 731 373 autem
759 331 838 373 sub
864 334 990 373 terra.
1030 334 1157 386 atque
1179 346 1230 373 ex
1251 331 1302 373 iis
1323 346 1415 388 seg-

57 397 212 440 mentis
242 396 577 451 uniuscuiusque
610 411 776 452 eorum,
814 411 922 452 quae
954 411 1082 452 super
1113 399 1269 439 terram
1303 399 1416 451 sunt,

57 462 100 505 id
124 463 262 504 maius
288 462 476 517 adparet,
502 461 616 517 quod
636 462 824 504 maximo
849 462 1121 517 circulorum,
1147 462 1221 517 qui
1248 477 1416 517 semper

58 528 276 584 conspicui
297 530 410 583 sunt,
428 528 606 583 propius
627 530 703 581 est,
724 542 872 570 eorum
893 530 1047 582 autem,
1073 542 1182 582 quae
1202 527 1282 570 sub
1303 530 1416 569 terra

58 595 169 649 sunt,
193 592 238 635 id
262 592 503 649 minimum,
529 592 643 648 quod
664 593 801 635 eidem
821 592 982 635 circulo
1003 593 1183 649 propius
1210 595 1286 647 est,
1313 608 1416 648 quo-

58 659 171 701 niam
195 661 366 713 tempus
391 660 535 700 motus
568 658 833 700 subterranei
861 673 1006 700 earum
1033 660 1273 713 stellarum,
1307 674 1415 714 quae

57 724 102 766 in
125 723 208 766 hoc
232 722 391 765 circulo
420 726 538 778 sunt,
569 724 816 779 minimum,
842 726 986 765 motus
1013 726 1174 779 autem,
1204 739 1331 779 quem
1357 725 1416 766 fa-

57 789 172 831 ciunt
197 803 324 844 nuper
348 791 524 845 terram,
555 789 808 844 maximum,
841 792 883 831 et
910 804 1000 844 eae,
1033 804 1142 844 quae
1174 789 1216 831 in
1244 789 1416 832 circulis

56 854 110 897 ab
134 854 204 896 his
229 853 535 896 remotioribus
562 857 679 906 sunt,
712 857 879 896 motum
912 869 1038 909 super
1065 857 1222 897 terram
1250 869 1417 910 semper

57 935 134 976 per
158 920 299 962 minus
325 922 494 975 tempus
519 919 700 975 habent,
726 922 891 962 motum
925 923 1066 962 autem
1096 921 1174 962 sub
1202 923 1314 962 terra
1339 935 1417 977 per

56 985 212 1041 maius3
242 985 468 1027 minimum
494 999 594 1027 vero
621 988 790 1041 tempus
816 988 959 1027 motus
993 1001 1120 1040 super
1152 988 1310 1027 terram
1343 1000 1416 1028 eae

57 1049 293 1105 habebunt,
326 1064 434 1105 quae
468 1049 661 1092 meridiei
693 1051 914 1105 proximae
947 1053 1064 1106 sunt,
1097 1053 1241 1093 motus
1273 1054 1416 1093 autem

57 1115 136 1158 sub
163 1117 276 1158 terra
301 1115 548 1157 maximum.
599 1116 806 1171 adparent
831 1118 975 1158 autem
1002 1130 1075 1158 eae
1109 1118 1276 1171 stellae,
1308 1132 1416 1172 quae

58 1181 102 1223 in
122 1181 260 1223 medio
280 1181 393 1222 inter
413 1181 512 1223 illos
533 1181 716 1224 circulos
737 1182 898 1224 circulo
919 1183 1032 1234 sunt,
1052 1185 1246 1237 tempore
1265 1197 1415 1237 aequa-

56 1247 140 1289 lem
152 1247 356 1289 facientes
376 1249 541 1289 motum
562 1250 604 1289 et
625 1262 752 1302 super
771 1249 927 1289 terram
951 1250 993 1289 et
1013 1247 1092 1289 sub
1113 1250 1244 1302 terra;
1271 1263 1416 1303 quam-

57 1312 201 1354 obrem
238 1311 354 1354 huno
386 1312 593 1354 circulum
626 1327 827 1354 vocamus
865 1313 1224 1367 aequinoctialem
1259 1316 1301 1355 et
1332 1328 1416 1368 eae,

58 1391 164 1432 quae
189 1377 234 1419 in
253 1377 423 1420 circulis
445 1392 469 1418 a
489 1378 648 1420 circulo
670 1378 972 1432 aequinoctiali
999 1379 1234 1434 aequaliter
1259 1379 1416 1422 distan-

57 1442 172 1485 tibus
193 1445 306 1498 sunt,
334 1445 499 1485 motum
521 1446 713 1498 tempore
740 1445 959 1498 aequalem
979 1444 1184 1486 facientes
1211 1445 1416 1500 adparent

58 1507 102 1549 in
128 1507 303 1550 alternis
329 1509 574 1565 segmentis,
601 1508 744 1563 qualia
771 1510 872 1550 sunt
898 1512 1129 1565 segmenta,
1155 1524 1263 1565 quae
1290 1525 1418 1565 super

57 1575 212 1615 terram
239 1573 293 1615 ad
319 1574 633 1629 septentriones
659 1576 778 1629 sunt,
804 1588 951 1630 eaque,
985 1590 1093 1630 quae
1120 1575 1199 1617 sub
1225 1578 1340 1618 terra
1364 1575 1418 1617 ad

60 1638 280 1681 meridiem
314 1641 432 1694 sunt,
463 1641 592 1694 atque
625 1653 689 1691 ea,
719 1654 828 1694 quae
860 1654 989 1695 super
1020 1643 1176 1682 terram
1209 1641 1261 1682 ad
1292 1641 1416 1683 meri-

63 1703 173 1746 diem
199 1706 311 1759 sunt,
338 1719 471 1759 eaque
497 1719 605 1759 quae
632 1705 711 1746 sub
737 1707 852 1747 terra
877 1705 930 1760 ad
963 1707 1273 1760 septentriones
1305 1708 1416 1748 sunt.

60 1769 287 1811 coniuncta
307 1772 449 1811 autem
469 1772 665 1824 tempora
690 1770 1027 1826 uniuscuiusque
1048 1771 1195 1813 circuli
1221 1774 1264 1813 et
1290 1786 1417 1827 super

58 1836 213 1877 terram
233 1837 276 1876 et
297 1835 489 1877 continui
510 1835 588 1876 sub
610 1837 724 1877 terra
742 1836 937 1891 aequalia
956 1836 1172 1891 adparent.
1199 1839 1417 1892 praeterea

58 1899 240 1942 circulus
265 1900 428 1942 lacteus
458 1903 503 1942 ‘et
535 1899 751 1954 zodiacus,
784 1901 859 1955 qui
891 1901 944 1942 ad
974 1904 1203 1956 parallelos
1236 1902 1417 1945 circulos

59 1964 223 2020 obliqui
255 1968 356 2007 sunt
388 1967 430 2007 et
460 1965 574 2007 inter
606 1980 650 2008 se
677 1969 839 2022 secant,
871 1967 915 2008 in
948 1968 1224 2010 conversione
1249 1982 1417 2022 semper

60 2029 350 2072 semicirculos
376 2045 504 2086 super
529 2034 684 2073 terram
713 2031 920 2074 habentes
947 2033 1164 2087 adparent.

117 2094 262 2150 itaque
283 2098 462 2151 propter
486 2096 592 2138 haec
617 2097 771 2152 omnia,
799 2112 907 2152 quae
927 2112 1055 2153 supra
1075 2098 1272 2154 diximus,
1298 2113 1418 2140 mun-

61 2160 138 2202 dus
163 2164 349 2216 ponatur
374 2162 580 2217 sphaerae
605 2163 788 2204 formam
819 2163 998 2216 habens3
1031 2179 1128 2206 nam
1165 2164 1201 2206 si
1234 2163 1417 2219 cylindri

1346 2271 1410 2278 ,—

63 2339 118 2371 22.
144 2335 221 2383 καί]
248 2337 317 2374 ins.
337 2350 374 2373 m
394 2338 473 2374 2V.
537 2342 593 2374 24.
621 2338 692 2385 ἀεί]
720 2354 744 2374 α
771 2351 884 2385 supra
908 2341 992 2375 add.
1020 2353 1067 2375 m.
1090 2345 1120 2375 2.
1142 2340 1228 2376 Vat.
1297 2343 1352 2377 27.
1381 2338 1416 2374 οἱ

63 2403 108 2412 --
125 2396 162 2434 p.
184 2389 204 2420 6
229 2384 293 2423 lin.
317 2390 347 2423 1.
374 2386 526 2426 κύκλιον
551 2387 600 2431 ὡς
625 2388 687 2423 ἐπὶ
711 2387 776 2426 τὸν
802 2388 909 2432 λοξὸν
936 2389 1073 2426 κύκλον
1097 2400 1129 2424 v.
