1494 2450
74 776 116 807 10

76 1096 117 1126 15

76 1416 120 1446 20

138 86 194 126 45
641 84 948 118 ΦΑΙΝΟΜΕΝΑ

198 194 304 234 ἐστω
335 190 384 233 ἐν
408 192 552 248 κόσμῳ
578 190 733 244 ὁρίζων
758 190 780 232 6
810 191 953 243 ΑΒΓ,
985 189 1165 243 θερινὸς
1190 188 1237 232 δε
1261 210 1311 250 τρ
1314 194 1437 236 οπικὸ

139 256 162 298 ὁ
189 256 291 308 ΔΑ,
323 256 564 311 χειμερινὸς
593 252 641 296 δὲ
666 254 869 309 τροπικὸς
892 252 915 294 ὁ
939 254 1035 307 ΕΓ,
1065 253 1088 295 ὁ
1114 252 1161 296 δὲ
1186 263 1273 300 τῶν
1299 256 1453 315 ζῳδί

139 322 296 369 κύκλος
332 318 463 362 θέσιν
493 318 619 373 ἐχέτω
650 319 728 372 τὴν
755 319 897 371 ΑΓΖ,
933 316 1004 358 καὶ
1036 319 1142 360 ἔστω
1173 321 1221 362 τὸ
1252 323 1356 376 μετὰ
1385 337 1410 363 τ

140 385 365 437 Καρκίνον
394 383 653 437 ἡμικύκλιον
683 382 768 424 ὑπὸ
800 388 883 436 γῆν
913 381 962 423 τὸ
988 384 1136 423 ΛΖΓ·
1179 385 1227 427 τὸ
1259 383 1307 427 δὲ
1323 296 1494 482 PH}

169 449 426 502 ἡμικύκλιον

140 514 248 554 ἐστω
278 513 327 554 τὸ
352 512 456 565 μετὰ

141 577 219 618 τὸν
279 577 458 629 Αίγόκε-

142 656 231 695 ρων
256 639 327 681 καὶ
351 638 459 681 ἔστω

141 701 250 758 ’ὑπὲρ
277 709 365 757 γῆς.

183 767 458 822 ἀπειλήφθω-

143 844 224 873 σαν
268 833 321 886 δὴ
369 831 459 874 ἴσαι

165 895 435 951 περιφέρειαι

143 961 187 1001 αἱ
222 962 328 1013 ΓΗ,
362 963 459 1013 ΖΑ,

143 1024 251 1066 ὥστε
276 1020 385 1066 εἶναι
411 1025 459 1067 τὸ

148 1091 181 1129 Ζ
207 1092 265 1144 τῷ
286 1091 337 1129 Η
354 1089 460 1130 κατὰ

180 1152 424 1207 διάμετρον,

144 1216 215 1258 καὶ
267 1214 460 1258 ἔστωσαν

167 1281 434 1336 παράλληλοι

143 1345 318 1398 κύκλοι,
354 1343 454 1386 καθ’

146 1405 208 1450 ὧν
221 1408 397 1463 φέρεται
409 1410 460 1450 τὰ

148 1476 196 1525 Ζ,
223 1474 274 1514 Η
294 1479 460 1526 σημεῖα,

146 1537 187 1618 οἱ
207 1538 355 1590 ΒΖΘ,
375 1538 539 1618 ΚΗΛ·
563 1538 655 1579 τὸ
638 1539 721 1593 ἄρα
738 1541 796 1579 Μ
814 1541 932 1595 τῷΝ
954 1539 1060 1581 κατὰ
1080 1538 1326 1629 διάμετρον·
1359 1537 1466 1593 λέγω

892 475 1045 522 θερινός

204 1666 299 1706 ἔστω
328 1666 370 1706 ἐν
400 1668 530 1722 κόσμῳ
562 1666 697 1720 ὁρίζων
722 1667 742 1708 6
768 1671 896 1719 ΑΒΓ,
926 1668 991 1708 καὶ
1014 1669 1173 1722 θερινὸς
1197 1668 1267 1721 μὲν
1291 1628 1469 1722 τροπικὸς

147 1724 239 1764 ἔστω
265 1724 285 1764 6
310 1728 403 1777 AA,
434 1726 643 1778 χειμερινὸς
674 1725 716 1766 δὲ
739 1727 918 1778 τροπικὸς
944 1725 965 1766 6
989 1729 1074 1778 ΒΓ,
1105 1727 1125 1768 6
1153 1726 1194 1767 δὲ
1219 1735 1295 1767 τῶν
1320 1728 1468 1782 ζῳδίων

147 1783 287 1830 κύκλος
310 1782 424 1823 θέσιν
448 1783 559 1836 ἐχέτω
583 1784 654 1835 τὴν
679 1787 857 1836 ΔΕΒΖ,
890 1784 955 1824 καὶ
979 1785 1073 1824 ἔστω
1098 1785 1304 1826 ἀνατολικὰ
1330 1785 1400 1838 μὲν
1423 1786 1468 1825 τὰ

148 1844 192 1893 Γ,
216 1844 253 1880 Δ
283 1840 392 1894 μέρη,
429 1842 564 1881 δυτικά
595 1841 637 1882 δὲ
667 1842 713 1882 τὰ
737 1846 788 1894 Α,
812 1845 858 1895 Β,
893 1842 959 1882 καὶ
988 1844 1030 1883 τὸ
1062 1842 1131 1895 μὲν
1155 1847 1273 1884 ΔΕΒ
1303 1845 1397 1885 ἔστω
1427 1846 1468 1884 τὸ

149 1899 239 1951 μετὰ
273 1900 341 1940 τὸν
369 1901 569 1954 Καρκίνον
601 1899 851 1953 ἡμικύκλιον,
887 1901 928 1941 τὸ
963 1900 1005 1941 δὲ
1034 1904 1149 1941 ΒΖΔ
1180 1902 1248 1942 τὸν
1281 1902 1372 1955 μετὰ
1402 1903 1469 1943 τὸν

150 1957 369 2011 Αὒγόκερω·
411 1958 520 2011 λέγω,
552 1959 608 1998 ὅτι
639 1965 707 1998 τοῦ
737 1966 814 1999 τῶν
840 1960 987 2014 ζῳδίων
1010 1960 1156 1999 κύκλου
1180 1960 1225 2000 τὰ
1250 1959 1470 2013 ἡμικύκλια,

149 2016 220 2056 ὅσα
251 2016 303 2067 μὴ
334 2015 402 2063 τὰς
431 2015 549 2069 ἀρχὰς
580 2017 653 2069 ἔχει
684 2016 746 2057 ἐπὶ
775 2024 844 2057 τοῦ
876 2017 996 2057 αὐτοῦ
1027 2024 1104 2057 τῶν
1127 2019 1395 2071 παραλλήλων,
1427 2019 1470 2059 ἐν

149 2073 298 2121 ἀνίσοις
327 2074 479 2128 χρόνοις
509 2073 713 2128 ἀνατέλλει,
749 2075 815 2114 καὶ
844 2074 887 2115 ἐν
917 2076 1077 2131 πλείστῳ
1108 2075 1178 2128 μὲν
1208 2077 1250 2118 τὸ
1283 2077 1374 2129 μετὰ
1403 2078 1470 2118 τὸν

149 2132 348 2193 Καρκίνον
372 2132 414 2171 τὸ
439 2135 576 2183 ΔΕΒ,
607 2132 648 2172 ἐν
679 2132 853 2173 ἐλάσσονι
884 2131 926 2172 δὲ
950 2133 994 2173 τὰ
1019 2133 1107 2185 ἑξῆς
1130 2135 1290 2186 τούτου,
1319 2135 1362 2175 ἐν
1385 2135 1470 2175 ἐλα-

208 2207 240 2232 a
279 2200 310 2232 8.
338 2197 387 2232 Su
389 2190 1383 2243 mma-1157}
1379 2193 1471 2236 *138

150 2244 328 2279 —1in.4
355 2210 412 2289 Ap
425 2247 451 2278 B
477 2243 688 2290 (κείμενον),
721 2245 760 2280 in
786 2246 889 2280 textu
916 2247 1001 2281 cett.
1050 2245 1104 2299 τό]
1131 2257 1242 2291 supra
1266 2258 1313 2282 m.
1341 2251 1357 2282 1
1385 2247 1423 2283 L.

153 2294 709 2348 -ιι-ιᾼιζηᾟω.
731 2308 751 2338 2
777 2296 862 2340 vat
1106 2297 1168 2300 ”⁷
1186 2297 1277 2300 ““
1300 2298 1470 2301 ⁴*'”'‘
