1494 2450
572 25 876 62 FRAGMENTA
1317 24 1405 66 245

26 99 192 188 *hams
216 138 244 192 ἡ
270 139 349 179 ΕΖ
373 137 484 191 πρὸς
507 136 589 191 τὴν
616 138 711 178 ΖΗ.
753 135 812 185 ὡς
837 135 886 178 δὲ
914 134 941 190 ἡ
966 137 1052 176 ΑΕ
1074 134 1184 190 πρὸς
1209 134 1290 188 τὴν
1311 135 1407 188 ΓΗ,

34 202 193 254 Ξυῦτως
218 203 243 258 ἡ
270 205 353 244 ΕΘ
375 202 486 256 πρὸς
510 202 592 256 τὴν
612 203 715 244 ΗΛ·
747 199 821 243 καὶ
847 201 905 250 ὡς
930 199 1015 255 ἄρα
1039 199 1066 254 ἡ
1086 202 1166 241 ΕΖ
1190 200 1300 256 πρὸς
1325 199 1406 253 τὴν

25 281 39 298 ’“’
422 287 455 318 Δ
743 286 771 317 Β

18 765 47 873 ’ἓ

18 999 166 1073 '}ZH‚
199 1017 339 1068 οὕτως
364 1017 391 1071 ἡ
417 1020 505 1059 ΕΘ
529 1017 640 1072 πρὸς
663 1017 745 1071 τὴν
770 1018 869 1059 ΗΛ.
918 1017 997 1057 καί
1017 1014 1110 1058 ἐστι
1134 1015 1414 1071 παράλληλος

56 1082 84 1137 ἡ
108 1085 197 1125 ΕΘ
226 1089 278 1138 τῇ
306 1085 416 1125 ΗΛ·
460 1082 617 1125 εὐθεῖα
647 1082 732 1136 ἄρα
763 1080 885 1124 ἐστὶν
915 1081 942 1136 ἡ
976 1082 1049 1123 διὰ
1080 1088 1171 1123 τῶν
1199 1083 1251 1135 Θ,
1276 1083 1331 1136 Λ,
1360 1083 1412 1123 Ζ·

46 1147 165 1204 ὅπερ
190 1146 282 1191 ἔδει
308 1147 456 1200 δεῖξαι.
603 1203 607 1206 ⁴
1464 1157 1485 1189 5

116 1211 168 1269 γ’.
206 1215 287 1264 Εἰς
317 1222 435 1270 τρεῖς
465 1213 645 1263 εὐθείας
670 1213 746 1263 τὰς
771 1215 881 1262 ΑΒ,
908 1214 951 1254 Γ
945 1215 1008 1266 Α,
1034 1215 1122 1254 ΛΑ
1154 1213 1415 1268 διήχθωσαν

843 1278 926 1320 δύο
947 1277 1121 1320 εὐθεῖαι
1141 1278 1186 1319 αἱ
1206 1280 1298 1331 ΘΕ,
1314 1280 1414 1319 ΘΔ·

843 1343 910 1386 ὅτι
929 1342 1064 1398 ἐστίν,
1085 1343 1143 1393 ὡς
1155 1343 1205 1385 τὸ
1219 1343 1306 1385 ὑπὸ
1323 1346 1414 1397 ΘΕ,
1456 1337 1460 1340 ’

843 1411 934 1451 ΗΖ
965 1409 1075 1463 πρὸς
1105 1410 1154 1450 τὸ
1186 1408 1273 1451 ὑπὸ
1303 1411 1413 1463 ΘΗ,

846 1477 935 1529 ΖΕ,
966 1473 1106 1524 οὕτως
1130 1474 1180 1516 τὸ
1206 1474 1291 1516 ὑπὸ
1322 1476 1414 1529 ΘΒ,
1442 1486 1486 1517 10

843 1540 1045 1594 ΔΓπρὸς
1056 1539 1105 1581 τὸ
1115 1539 1203 1581 ὑπὸ
1219 1541 1413 1594 ΘΔ,ΒΓ.

901 1605 1026 1658 ἤχθω
1061 1604 1136 1646 διὰ
1161 1604 1243 1658 μὲν
1268 1610 1348 1647 τοῦ
1378 1607 1416 1647 Θ

841 1675 893 1724 τῇ
922 1671 1047 1711 ΖΓΑ
1078 1670 1357 1726 παράλληλος
1387 1669 1413 1724 ἡ

842 1737 939 1789 ΚΛ,
951 1733 1023 1776 καὶ
1039 1736 1088 1777 αἱ
1098 1739 1201 1789 ΔΑ,
1211 1737 1291 1778 ΑΒ
1306 1746 1415 1790 συμ-

843 1799 1124 1842 πιπτέτωσαν
1161 1800 1271 1857 αὐτῇ
1305 1801 1415 1843 κατὰ
1442 1811 1485 1844 15

844 1867 896 1907 τὰ
923 1868 978 1919 Κ,
1002 1868 1043 1908 Λ
1069 1867 1340 1921 σημεῖα,,διὰ
1366 1866 1416 1909 δὲ

845 1937 924 1974 τοῦ
943 1933 985 1973 A
1009 1938 1061 1987 τῇ
1083 1934 1172 1973 ΔΛ
1193 1931 1415 1987 παράλλη-

845 2000 920 2046 λος
935 1997 961 2052 ἡ
976 1999 1078 2039 ΛΜ
1089 1997 1161 2039 καὶ
1175 1997 1415 2050 συμπιπτέ-

844 2077 903 2104 τω
928 2068 982 2117 τῇ
1006 2065 1087 2104 ΕΘ
1112 2061 1183 2104 ἐπὶ
1207 2063 1257 2104 τὸ
1283 2064 1346 2105 Μ

122 2164 156 2195 2.
180 2160 270 2196 Post
294 2164 365 2196 HA
392 2161 477 2195 add.
503 2161 568 2196 καὶ
593 2161 749 2204 ἐναλλὰξ
775 2162 840 2198 διὰ
864 2161 905 2197 τὸ
933 2159 1030 2197 εἶναι
1056 2161 1125 2196 δύο
1151 2161 1254 2206 παρὰ
1280 2162 1350 2197 δύο
1375 2162 1414 2197 in

50 2218 132 2244 ras.
159 2207 251 2251 cod.,
277 2208 343 2244 διὰ
366 2207 408 2244 τὸ
435 2206 532 2244 εἶναι
557 2208 626 2245 δύο
650 2209 756 2254 παρὰ
782 2210 851 2246 δύο
877 2209 941 2244 καὶ
966 2208 1120 2251 ἐναλλάξ
1140 2209 1317 2253 Hultsch3
1344 2220 1414 2255 ego

61 2255 186 2292 delere
210 2256 327 2291 malui
351 2258 395 2292 ut
419 2257 493 2291 duo
519 2255 747 2302 glossemata
769 2268 888 2303 prauo
914 2256 1044 2292 ordine
1069 2256 1110 2291 in
1133 2258 1276 2292 textum
1293 2256 1412 2292 illata.

61 2308 94 2339 4.
121 2302 211 2340 Posi)
239 2307 267 2339 Z
291 2304 376 2340 add.
400 2303 590 2341 τουτέστιν
614 2305 637 2350 ἡ
663 2304 728 2341 διὰ
753 2311 827 2341 τῶν
857 2307 889 2341 Θ
908 2307 944 2339 Κ
963 2307 991 2340 Ζ
1016 2303 1188 2339 Hultsch.
1263 2307 1295 2340 5.
1324 2302 1413 2349 ὅπερ
