1494 2450
595 30 900 66 FRAGMENTA
1343 29 1429 71 263

8 141 10 158 “
63 143 150 186 πὸν
176 143 260 199 ἄρα
284 140 333 184 τὸ
360 142 429 192 δὶς
452 139 539 184 ὑπὸ
568 144 611 183 A
619 144 697 182 ΓΔ
721 140 828 195 μετὰ
853 145 935 182 τοῦ
962 137 1046 181 ἀπὸ
1075 141 1156 181 ΓΔ
1181 138 1282 181 ἴσον
1308 137 1430 181 ἐστὶν

6 217 9 247 5
64 214 123 267 τῷ
151 207 235 250 ἀπὸ
255 211 338 250 AB
364 207 635 263 τετραγώνῳ.
685 206 843 248 κοινὸν
867 207 1150 262 προσκείσθω
1171 203 1220 246 τὸ
1240 203 1326 246 ἀπὸ
1348 206 1436 245 ΑΓ

4 299 6 332 ζ
63 273 365 329 τετράγωνον·
417 272 524 315 ὅλον
562 273 646 327 ἄρα
683 269 732 313 τὸ
772 269 855 313 ἀπὸ
891 274 977 312 ΑΔ
1014 270 1295 325 τετράγωνον
1329 268 1429 311 ἴσον

0 333 5 378 2¹
64 337 186 381 ἐστὶν
210 346 303 388 τοῖς
330 336 412 380 ἀπὸ
440 344 529 380 τῶν
556 340 599 379 Α
609 339 658 392 Γ,
686 339 775 379 AB
801 336 1106 391 τετραγώνοις.

122 402 201 458 κγ’.
223 403 363 446 Ἔστω
389 404 438 446 τὸ
466 402 552 444 ὑπὸ
574 404 702 444 ΑΒΓ
722 406 822 444 ἴσον
852 407 913 459 τῷ
940 400 1024 444 ἀπὸ
1046 404 1130 443 BA
1149 401 1428 456 τετραγώνῳ·
1480 415 1494 446 ε

65 469 131 511 ὅτι
159 471 329 523 γίνεται
353 471 395 524 ᾗ,
426 469 474 510 τὸ
509 467 590 521 μὲν
615 467 702 510 ὑπὸ
728 465 1071 522 συναμφοτέρου
1096 473 1173 521 τῆς
1199 469 1287 508 ΑΔ
1296 467 1339 508 Γ
1356 465 1428 507 καὶ

63 540 140 589 τῆς
163 537 246 577 BA
274 539 372 577 ἴσον
396 540 456 592 τῷ
483 533 570 576 ὑπὸ
591 536 691 588 ΑΛ,
711 534 808 587 ΛΓ,
834 533 883 575 τὸ
911 530 959 574 δὲ
978 531 1065 574 ὑπὸ
1085 530 1427 586 συναμφοτέρου

63 606 140 655 τῆς
166 603 253 642 AA
262 601 303 642 Γ
323 598 395 642 καὶ
421 605 498 654 τῆς
524 600 615 640 ΒΓ
634 598 733 641 ἴσον
760 603 819 655 τῷ
842 597 927 640 ἀπὸ
954 602 997 639 A
1007 599 1049 639 Γ
1067 598 1347 654 τετραγώνῳ,
1379 597 1428 638 τὸ

66 665 115 708 δὲ
146 665 233 708 ὑπὸ
266 663 607 721 συναμφοτέρου
638 671 715 720 τῆς
741 667 828 706 AA
839 665 881 706 Γ
910 663 983 705 καὶ
1014 669 1090 718 τῆς
1116 665 1199 704 ΒΑ
1238 666 1337 704 ἴσον
1367 660 1428 719 τῷ

65 730 150 774 ἀπὸ
179 734 267 773 AA
295 731 566 787 τετραγώνῳ.
1457 742 1494 773 1C

398 824 431 895 A!
704 862 740 894 Γ
823 862 851 893 Β
1045 861 1079 892 A

124 967 218 1011 ἐπεὶ
251 970 333 1023 γὰρ
365 969 413 1011 τὸ
445 968 532 1011 ὑπὸ
559 970 699 1010 ΑΒΓ
724 968 824 1010 ἴσον
850 966 972 1010 ἐστὶν
996 972 1056 1025 τῷ
1078 965 1162 1009 ἀπὸ
1189 969 1292 1021 BA,
1325 965 1429 1008 ἀνά-

67 1039 202 1089 λογον
233 1035 305 1077 καὶ
338 1035 417 1089 ὅλη
448 1035 558 1090 πρὸς
589 1034 697 1089 ὅλην
727 1033 800 1076 καὶ
832 1031 1054 1075 ἀνάπαλιν
1084 1033 1156 1074 καὶ
1190 1030 1429 1074 συνθέντι·

65 1098 187 1142 ἔστιν
214 1101 317 1155 ἄρα,
351 1100 410 1149 ὡς
435 1101 768 1155 συναμφότερος
796 1099 820 1153 ἡ
848 1100 948 1154 ΓΔ,
974 1102 1063 1140 AA
1087 1098 1198 1154 πρὸς
1223 1098 1304 1152 τὴν
1330 1100 1430 1151 ΔΑ,

66 1165 207 1215 οὕτως
232 1166 258 1220 ἡ
286 1167 367 1208 ΓΛ
390 1164 501 1221 πρὸς
525 1166 606 1220 τὴν
631 1168 743 1207 AB·
787 1164 835 1206 τὸ
861 1165 946 1220 ἄρα
971 1161 1058 1205 ὑπὸ
1086 1162 1429 1219 συναμφοτέρου

66 1236 143 1285 τῆς
168 1234 276 1285 AA,
303 1232 397 1273 AF
422 1229 495 1273 καὶ
521 1237 596 1285 τῆς
624 1233 706 1273 BA
731 1230 832 1272 ἴσον
858 1228 949 1272 ἐστὶ
975 1234 1034 1287 τῷ
1055 1227 1141 1271 ὑπὸ
1167 1237 1258 1270 τῶν
1284 1230 1427 1270 ΑΔΓ.
1457 1241 1494 1271 15

64 1296 214 1350 πάλιν,
250 1296 340 1338 ἐπεὶ
373 1296 451 1351 ὅλη
478 1296 504 1351 ἡ
532 1299 620 1338 ΛΔ
650 1295 761 1350 πρὸς
788 1295 896 1350 ὅλην
922 1295 1003 1350 τὴν
1028 1297 1072 1336 A
1081 1295 1123 1336 Γ
1144 1293 1285 1348 ἐστιν,
1318 1294 1376 1343 ὡς
1402 1293 1428 1348 ἡ

66 1364 155 1404 AB
182 1361 292 1417 πρὸς
317 1362 399 1416 τὴν
423 1363 521 1415 ΒΓ,
548 1361 763 1408 συνθέντι
790 1360 924 1415 ἐστίν,
957 1360 1016 1410 ὡς
1042 1360 1376 1415 συναμφότερος
1403 1359 1429 1414 ἡ

66 1429 201 1469 ΑΔΓ
218 1426 328 1482 πρὸς
352 1427 434 1482 τὴν
458 1429 548 1482 ΔΓ,
574 1426 715 1477 οὕτως
739 1427 765 1481 ἡ
793 1428 883 1469 ΔΓ
901 1424 1009 1481 πρὸς
1035 1426 1117 1480 τὴν
1143 1427 1235 1467 ΓΒ·
1268 1424 1317 1467 τὸ
1345 1426 1430 1480 ἄρα

65 1491 152 1534 ὑπὸ
180 1491 521 1548 συναμφοτέρου
547 1499 622 1547 τῆς
648 1495 781 1534 ΑΔΓ
801 1491 874 1534 καὶ
899 1497 976 1545 τῆς
1003 1493 1076 1533 ΓΒ
1106 1495 1205 1533 ἴσον
1230 1489 1350 1532 ἐστὶν
1375 1494 1434 1547 τῷ

66 1555 150 1599 ἀπὸ
171 1561 215 1599 A
221 1560 264 1600 Γ.
295 1558 444 1613 πάλιν,
472 1556 564 1600 ἐπεὶ
585 1558 663 1612 ὅλη
684 1557 710 1611 ἡ
732 1561 819 1599 ΑΔ
838 1555 949 1611 πρὸς
969 1556 1078 1611 ὅλην
1096 1557 1177 1610 τὴν
1197 1560 1281 1597 ΔΓ
1294 1553 1429 1610 ἐστιν,
1457 1566 1494 1598 2(

67 1623 126 1672 ὡς
150 1623 177 1677 ἡ
205 1626 292 1665 ΑΒ
323 1622 434 1676 πρὸς
459 1624 540 1678 τὴν
565 1625 669 1677 BA,
705 1622 926 1664 ἀνάπαλιν
951 1621 1024 1664 καὶ
1051 1619 1267 1663 συνθέντι
1294 1619 1429 1674 ἐστίν,

66 1688 124 1738 ὡς
156 1690 489 1743 συναμφότερος
520 1688 546 1743 ἡ
572 1690 695 1730 ΓΔΑ
725 1687 837 1743 πρὸς
869 1688 951 1742 τὴν
977 1691 1083 1742 ΛΑ,
1123 1686 1265 1736 οὕτως
1290 1686 1316 1741 ἡ
1342 1689 1430 1728 ΔΑ

66 1752 178 1808 πρὸς
202 1754 284 1808 τὴν
304 1756 387 1796 ΑΒ
402 1766 411 1776 ·
442 1753 491 1796 τὸ
518 1754 603 1809 ἄρα
629 1753 716 1796 ὑπὸ
739 1752 1084 1808 συναμφοτέρου
1103 1758 1180 1807 τῆς
1203 1753 1337 1794 ΑΔΓ
1356 1749 1429 1793 καὶ

67 1824 143 1873 τῆς
170 1821 256 1860 ΑΒ
285 1822 384 1861 ἴσον
409 1817 530 1862 ἐστὶν
554 1824 615 1877 τῷ
642 1818 726 1861 ἀπὸ
754 1822 843 1861 ΑΔ
868 1819 1138 1875 τετραγώνῳ.

126 1883 205 1926 κδ’.
237 1883 411 1926 Εὐθεῖα
439 1885 462 1939 ἡ
489 1887 569 1926 ΑΒ
595 1884 668 1926 καὶ
695 1885 777 1926 δύο
805 1891 962 1939 σημεῖα
987 1883 1041 1925 τὰ
1069 1885 1115 1938 Γ,
1135 1886 1193 1938 Δ,
1218 1883 1291 1925 καὶ
1318 1884 1428 1925 ἔστω
1456 1893 1494 1924 25

66 1948 116 1990 τὸ
144 1947 228 1990 ἀπὸ
256 1950 299 1993 Γ
294 1952 337 1990 Δ
361 1949 639 2005 τετράγωνον
666 1953 765 1992 ἴσον
790 1953 851 2007 τῷ
872 1949 940 2000 δὶς
965 1949 1051 1991 ὑπὸ
1079 1950 1180 2003 ΛΓ,
1209 1951 1315 1990 BA·
1360 1947 1427 1991 ὅτι

66 2013 139 2056 καὶ
170 2013 219 2056 τὸ
253 2013 331 2057 ἀπὶ
370 2017 456 2057 ΑΒ
495 2015 774 2070 τετράγωνον
812 2019 912 2057 ἴσον
944 2013 1064 2057 ἐστὶν
1095 2021 1187 2064 τοῖς
1219 2012 1303 2056 ἀπὸ
1338 2021 1428 2056 τῶν

68 2081 174 2133 ΑΔ,
202 2080 282 2121 ΓΒ
307 2080 609 2134 τετραγώνοις.

129 2142 222 2186 ἐπεὶ
248 2145 330 2199 γὰρ
356 2145 406 2187 τὸ
434 2144 518 2187 ἀπὸ
547 2147 590 2187 Γ
584 2149 627 2187 A
654 2149 752 2188 ἴσον
778 2144 898 2187 ἐστὶν
923 2150 982 2202 τῷ
1010 2145 1078 2194 δὶς
1103 2142 1189 2187 ὑπὸ
1215 2145 1311 2198 ΑΓ,
1331 2147 1429 2199 AB,

130 2264 162 2295 6.
190 2260 228 2306 y]
253 2259 339 2305 τρία
362 2261 533 2297 Hultseh.
674 2265 732 2297 26.
758 2264 837 2306 ΑΓ,
863 2265 957 2296 ΒΔ·
985 2261 1056 2308 ὅτι]
1085 2264 1183 2296 ΑΓΒ
1210 2259 1308 2296 διότι
1334 2261 1428 2304 cod.‚

68 2310 147 2342 ΑΓ
168 2312 201 2343 Δ
209 2311 237 2343 Β
253 2321 261 2328 ·
294 2307 350 2344 ὅτι
375 2308 534 2344 Hultsch
560 2320 646 2344 cum
672 2309 951 2345 Commandino.
