1494 2450
387 32 440 70 IN
442 30 717 69 TRODUOTIO
743 30 1038 68 HARMONICA
1312 30 1370 73 22
1379 30 1398 72 l

8 142 27 194 Jg
47 144 216 199 quando
252 158 305 186 ex
339 143 513 185 diatono
551 142 595 184 in
632 142 807 184 chroma
840 142 909 184 vel
942 141 1210 184 harmoniam
1245 143 1319 183 aut
1351 155 1403 182 ex

47 209 266 252 chromate
295 210 364 252 vel
394 208 620 251 harmonia
650 209 694 250 in
727 210 962 250 ceterorum
998 221 1202 264 generum
1228 206 1403 261 aliquod

0 270 97 341 [fit
122 275 317 316 mutatio.
369 274 601 316 secundum
628 276 817 329 systema
841 275 997 328 autem,
1031 273 1200 328 quando
1228 287 1279 314 ex
1306 286 1404 315 con-

0 346 19 401 ’.
45 341 266 383 iunctione
297 340 343 382 in
374 339 702 382 disiunctionem
735 342 809 381 aut
840 342 989 382 contra
1020 339 1071 381 fit
1095 338 1292 381 mutatio.
1343 352 1405 379 se-

48 405 234 449 cundum
266 407 417 447 tonum
449 420 570 460 vero,
601 405 771 460 quando
805 420 857 447 ex
889 405 1022 446 doriis
1048 405 1093 446 in
1119 404 1305 460 phrygia
1330 405 1406 445 aut

47 486 99 513 ex
129 471 325 527 phrygiis
357 472 401 514 in
426 470 544 527 lydia
568 471 636 513 vel
661 470 1034 526 hypermixolydia
1059 471 1127 513 vel
1151 469 1405 526 hypodoria,

49 539 122 578 aut
148 537 335 591 omnino,
362 537 532 592 quando
558 552 611 579 ex
636 536 781 591 aliquo
808 537 1012 578 tredecim
1039 538 1242 578 tonorum
1263 535 1304 577 in
1327 534 1405 577 ali-

49 617 175 658 quem
202 605 437 645 ceterorum
464 603 516 644 fit
541 602 736 644 mutatio.
786 602 896 644 fiunt
923 605 1064 644 autem
1092 601 1355 644 mutationes
1381 615 1405 641 a

48 668 326 711 semitoniaea
351 683 524 710 exorsae
550 683 684 723 usque
711 668 764 710 ad
790 668 1007 723 diapason,
1042 682 1221 723 quarum
1247 667 1405 709 alterae

49 734 281 782 secundum
320 748 507 776 consona
546 734 656 775 fiunt
694 734 938 788 intervalla,
975 735 1131 776 alterae
1171 733 1404 775 seeundum

48 800 230 842 dissona.
281 799 433 842 harum
459 802 561 842 sunt
585 799 819 842 concinnae
845 802 888 841 et
913 814 1003 851 eae,
1039 814 1146 854 quae
1173 798 1405 841 secundum

49 880 237 908 consona
262 865 487 908 intervalla
512 865 635 920 fiunt,
661 868 704 906 et
723 865 904 907 toniaea.
938 880 990 907 ex
1010 865 1161 907 ceteris
1181 864 1405 919 propiores

48 931 190 973 minus
234 933 334 974 sunt
372 930 603 973 concinnae
642 945 770 986 quam
809 930 1110 987 inconcinnae,
1154 930 1405 972 remotiores

49 997 197 1053 magis
247 996 292 1038 in
330 996 486 1051 quibus
524 996 657 1052 igitur
693 1010 839 1038 earum
878 996 1122 1038 communio
1161 998 1225 1038 est
1258 995 1407 1050 maior,

9 1117 11 1121 ι
49 1076 121 1104 eae
147 1061 440 1104 concinniores
467 1065 579 1117 sunt,
611 1062 656 1104 in
684 1062 840 1117 quibus
866 1062 1018 1116 minor,
1050 1061 1406 1117 inconcinnioreS,

51 1127 251 1183 quoniam
287 1141 457 1170 necesse
490 1130 553 1169 est
586 1127 704 1170 omni
730 1128 960 1170 mutationi
986 1127 1148 1183 aliquid
1173 1141 1266 1170 esse
1292 1141 1408 1168 com-

9 1201 12 1242 [
49 1207 187 1248 mune,
213 1195 287 1235 aut
313 1208 466 1236 sonum
493 1196 567 1236 aut
591 1194 866 1236 intervallum
892 1196 966 1235 aut
989 1196 1187 1249 systema.
1221 1192 1408 1234 sumitur

7 1260 12 1286 ³
51 1261 191 1301 autem
212 1260 454 1302 communio
476 1259 707 1302 secundum
724 1259 1052 1301 similitudinem
1066 1273 1288 1314 sonorum3
1307 1273 1406 1300 nam

51 1322 88 1365 si
119 1323 164 1365 in
194 1324 506 1367 mutationibus
538 1324 699 1366 similes
732 1326 825 1367 soni
858 1325 932 1366 alii
957 1325 1001 1366 in
1028 1325 1134 1367 alios
1162 1325 1319 1366 cadunt
1345 1339 1408 1365 se-

52 1389 236 1431 cundum
262 1390 391 1445 spissi
416 1390 675 1446 societatem,
707 1391 915 1433 concinna
938 1391 989 1432 fit
1013 1390 1211 1447 mutatio,
1237 1389 1407 1445 quando

50 1469 152 1497 vero
178 1454 418 1512 dissimiles,
442 1456 708 1498 inconcinna.

111 1520 343 1563 secundum
375 1522 658 1577 melopoeiam
689 1522 740 1563 fit
771 1522 973 1576 mutatio,
1007 1522 1178 1577 quando
1212 1536 1263 1564 ex
1289 1536 1407 1564 more

53 1585 294 1628 diastaltico
337 1587 383 1628 in
428 1587 699 1642 systalticum
742 1587 812 1629 vel
853 1587 1199 1642 hesychasticum
1238 1590 1313 1629 aut
1355 1601 1408 1629 ex

51 1651 347 1706 hesychastico
367 1652 411 1693 in
431 1653 619 1707 aliquem
639 1655 878 1695 ceterorum
898 1653 950 1694 fit
963 1654 1158 1696 mutatio.
1185 1655 1249 1695 est
1263 1655 1407 1695 autem

53 1715 318 1759 diastalticus
356 1717 618 1773 melopoeiae
655 1733 770 1773 mos,
814 1733 899 1773 quo
938 1719 1208 1775 significatur
1245 1718 1407 1775 magni-

53 1782 226 1825 ficentia
250 1785 293 1825 et
317 1783 441 1826 virile
468 1783 600 1826 animi
625 1784 756 1826 robur
781 1787 823 1825 et
848 1799 915 1827 res
934 1784 1131 1826 heroicae
1152 1786 1193 1826 et
1214 1784 1407 1827 adfectus

54 1846 207 1890 horum
241 1849 417 1904 proprii.
466 1850 605 1891 utitur
637 1852 781 1891 autem
812 1850 865 1892 iis
897 1850 1082 1892 maxime
1114 1851 1335 1907 tragoedia
1366 1852 1408 1892 et

54 1915 292 1972 ceterorum
319 1929 612 1970 quaecumque
637 1918 738 1957 sunt
762 1915 865 1958 huic
891 1915 1036 1972 generi
1062 1916 1213 1958 vicina.
1259 1916 1410 1971 systal-

56 1979 168 2022 ticus
198 1994 316 2034 vero,
349 1994 433 2034 quo
466 1980 735 2023 contrahitur
766 1981 933 2023 animus
966 1981 1018 2022 ad
1048 1981 1339 2023 humilitatem
1366 1984 1408 2023 et

0 2068 3 2102 ξ
54 2043 250 2086 habitum
281 2045 375 2087 viro
407 2045 644 2101 indignum.
695 2047 919 2088 conveniet
943 2046 1043 2089 talis
1070 2049 1208 2089 status
1235 2047 1408 2090 adfecti-

55 2126 138 2172 γον]
165 2137 254 2161 corr.
281 2137 325 2161 ex
350 2126 532 2173 φθόγγων
556 2127 622 2162 M1.
721 2132 775 2163 20.
803 2129 858 2175 δέ]
885 2140 956 2164 om.
982 2129 1047 2164 M1.
1123 2126 1289 2176 ἐκμελής]
1316 2141 1406 2164 corr.

0 2194 2 2222 ξ
55 2183 101 2208 cx
126 2174 286 2218 ἐκμελεῖς
303 2174 368 2209 M¹.
443 2180 498 2210 22.
525 2176 800 2222 διασταλτικοῦ]
827 2176 926 2222 Lips.
942 2180 997 2220 25,
1025 2179 1265 2212 ὃιαστατικοῦ
1284 2177 1407 2222 M1W,

0 2251 1 2255 ,
56 2221 345 2266 ὃιαστηματικοῦ
363 2222 429 2257 Μ’.
479 2222 717 2259 συσταλτικόν
735 2223 802 2268 ΜΒ,
822 2224 1039 2260 συστατικόν
1059 2225 1174 2259 M¹W.
1237 2228 1293 2260 28.
1319 2225 1407 2270 ἡσυ-

0 2281 2 2296 =
55 2269 246 2315 χαστικοῦ]
272 2269 524 2316 ἡσυχαστικον
548 2271 614 2305 M1.
735 2274 791 2306 24.
817 2272 1088 2318 ὃιασταλτικόν]
1116 2272 1408 2318 διαστηματικόν

55 2314 158 2350 MW.
257 2320 311 2351 26.
337 2318 402 2352 καὶ
425 2317 534 2363 πάθη
560 2316 624 2354 καί
649 2318 708 2354 W.
