1494 2450
125 47 176 88 16
622 50 930 84 ΦΑΙΝΟΜΕΝΑ

180 154 303 207 λέγω,
340 154 406 196 ὅτι
436 154 507 196 καὶ
538 154 561 196 6
587 157 669 196 KA
702 157 811 211 πρὸς
841 156 918 197 τὸν
947 160 983 197 Α
993 159 1030 197 Θ
1060 156 1353 211 μεσημβρινὸν
1378 156 1444 206 δὶς

123 215 240 259 ἔσται
268 217 414 272 ὀρθός.

181 280 272 323 ἐπεὶ
315 282 397 336 γὰρ
441 281 489 324 ἐν
531 285 696 338 σφαίρᾳ
739 284 820 325 δύο
857 284 1009 325 κύκλοι
1046 285 1092 326 οἱ
1124 285 1269 337 ΩΒΓ,
1307 286 1485 326 ΗΘΚ·

121 344 356 399 τέμνουσιν
389 346 619 399 ἀλλήλους,
655 347 727 388 διὰ
759 348 808 389 δὲ
836 356 924 389 τῶν
953 350 1100 390 πόλων
1131 347 1275 389 αὐτῶν
1298 347 1483 401 γέγρα-

77 416 97 447 5
122 423 223 451 πται
259 409 458 463 μέγιστος
494 411 651 460 κύκλος
682 410 704 452 ὁ
730 415 772 452 A
783 414 883 466 ΘΟ
921 411 991 466 ἴση
1026 413 1108 466 ἄρα
1145 410 1263 453 ἐστὶν
1297 412 1324 466 ἡ
1355 414 1482 453 ΗΘ’

122 473 376 529 περιφέρεια
400 480 452 529 τῇ
480 476 583 516 ΘΚ·
625 475 697 516 διὰ
721 476 773 516 τὰ
798 476 906 517 αὐτὰ
931 477 984 529 δὴ
1009 476 1080 517 καὶ
1105 476 1131 530 ἡ
1157 479 1255 517 ΛΠ
1274 482 1324 530 τῇ
1350 477 1488 522 ΠΝ

122 541 388 593 περιφερειᾳ.
419 539 493 579 καί
515 536 633 579 ἐστιν
658 538 730 593 ἴση
754 539 780 593 ἡ
797 542 940 581 ΗΘΚ
962 539 1215 595 περιφέρεια
1233 546 1284 595 τῇ
1304 542 1398 581 ΛΠ
1403 542 1489 607 Ν

123 602 385 657 περιφερείᾳ.
418 605 488 655 ἴση
514 603 597 656 ἄρα
621 602 692 644 καὶ
718 602 889 655 ὁμοία“
868 619 893 657 η
915 606 1007 644 ΛΠ
1024 602 1276 657 περιφέρεια
1295 610 1345 659 τῇ
1364 575 1489 646 ΚΘἘ

123 667 388 744 περιφερείᾳ.
433 665 479 707 ἐν
511 667 544 722 ῳ
577 666 660 721 ἄρα
690 668 832 723 χρόνῳ
858 667 906 708 τὸ
933 669 977 708 Κ
1005 674 1182 722 σημεῖον
1207 666 1446 722 ἀρξάμενον
1478 650 1494 726 ξ’

56 735 98 767 10
124 728 206 770 ἀπὸ
233 735 311 771 τοῦ
331 732 371 770 Κ
392 729 470 784 τὴν
490 709 532 771 Κ
542 732 579 771 Θ
597 729 879 809 περιφέρειαν
898 731 1078 772 διελθὸν
1097 730 1167 773 ἐπὶ
1185 731 1232 772 τὸ
1255 733 1292 772 Θ
1313 743 1494 785 παρα-

124 794 307 847 γίνεται,
340 792 387 835 ἐν
411 793 550 850 τούτῳ
575 793 647 835 καὶ
672 795 719 835 τὸ
747 796 787 835 Λ
811 795 890 848 τὴν
914 798 1011 836 ΛΠ
1030 794 1310 850 περιφέρειαν
1335 796 1488 836 6⁶22-

123 857 211 898 θὸν
235 855 305 898 ἐπὶ
329 858 377 898 τὸ
406 859 455 898 Π
472 856 678 912 παρέσται
703 856 772 899 καὶ
801 857 823 899 6
849 865 935 900 τῶν
961 858 1127 914 ζῳδίων
1145 859 1302 908 κύκλος
1320 858 1448 900 θέσιν
1483 851 1494 906 ζ,

122 919 206 970 ἕξει
233 921 290 970 ὡς
315 922 394 974 τὴν
416 923 497 962 ΘΒ
507 924 554 962 Π
560 923 605 962 Γ
637 919 729 962 ἐπεὶ
754 913 836 963 οὗν
860 920 909 963 ἐν
934 924 1099 977 σφαίρᾳ
1124 922 1204 964 δύο
1229 922 1380 964 κύκλοι
1406 923 1452 964 οἷ

118 984 280 1038 ΗΘΚ,
315 986 499 1026 ΘΒΠΓ
530 982 790 1039 ἐφάπτονται
822 985 1039 1039 ἀλλήλων,
1073 986 1145 1027 διὰ
1176 983 1224 1028 δὲ
1254 993 1341 1028 τῶν
1370 993 1447 1028 τοῦ

57 1057 99 1088 15
126 1047 221 1097 ἑνὸς
250 1050 398 1090 πόλων
428 1048 499 1090 καὶ
523 1055 598 1103 τῆς
622 1047 735 1103 αφῆς
760 1048 995 1104 γέγραπται
1020 1049 1219 1104 μέγιστος
1243 1051 1399 1100 κύκλος
1425 1049 1446 1092 ὁ

126 1112 326 1166 ΞΘΟΠ,
358 1111 380 1153 ὁ
407 1112 593 1158 ΞΘΟΠ
620 1113 705 1168 ἄρα
734 1112 824 1167 ἥξει
855 1114 927 1155 καὶ
958 1114 1031 1156 διὰ
1055 1121 1142 1156 τῶν
1166 1119 1244 1155 τοῦ
1272 1116 1455 1156 ΘΒΠΓ
1484 1100 1494 1187 ³}

124 1177 272 1218 πόλων
296 1176 369 1218 καὶ
393 1174 511 1218 ἔσται
537 1176 671 1231 ὀρθὸς
695 1178 803 1231 πρὸς
827 1177 978 1219 αὐτόν·
1010 1177 1118 1219 ὥστε
1135 1176 1207 1219 καὶ
1227 1177 1249 1219 6
1273 1180 1353 1220 ΘΒ
1362 1181 1406 1219 Π
1414 1163 1494 1219 Γ

124 1241 233 1293 πρὸς
256 1241 333 1282 τὸν
358 1240 396 1287 ,Ξ
404 1243 441 1282 Θ
452 1243 543 1281 ΟΠ
565 1240 700 1292 ὀρθός
725 1239 860 1283 ἐστιν·
897 1242 1040 1297 πάλιν,
1065 1240 1199 1284 ἐπεὶΡ
1158 1244 1308 1321 ομοία
1332 1241 1450 1284 ἐστὶν
1486 1249 1494 1290 ἐ

124 1305 151 1358 ἡ
179 1306 265 1345 ΘΗ
282 1303 535 1359 περιφέρεια
560 1311 610 1359 τῇ
637 1308 684 1346 Π
690 1307 740 1346 Ν
765 1307 1037 1361 περιφερείᾳ,
1068 1305 1116 1347 ε’ν
1140 1299 1175 1362 ᾦ
1200 1306 1283 1360 ἄρα
1307 1307 1448 1362 χρόνῳ
1488 1295 1494 1368 Ξ

57 1375 100 1406 20
126 1368 174 1410 τὸ
204 1371 240 1409 Θ
266 1367 336 1410 ἐπὶ
360 1369 408 1410 τὸ
426 1370 476 1409 Η
500 1369 802 1423 παραγίνεται,
835 1369 882 1411 ἐν
906 1370 1042 1426 τούτῳ
1068 1369 1139 1412 καὶ
1163 1371 1211 1412 τὸ
1238 1373 1287 1411 Π
1307 1368 1377 1411 ἐπὶ
1401 1371 1449 1411 τὸ
1487 1373 1494 1423 {J

128 1435 177 1473 N
201 1431 273 1473 καὶ
305 1431 327 1474 6
359 1438 446 1474 τῶν
477 1433 643 1488 ζῳδίων
674 1433 832 1482 κύκλος
856 1432 985 1475 θέσιν
1009 1432 1092 1483 ἕξει
1118 1434 1175 1483 ὡς
1198 1434 1277 1487 τὴν
1296 1436 1449 1475 ΗΣΝ.
1489 1438 1494 1496 j

126 1496 273 1550 πάλιν,
301 1495 392 1538 ἐπεὶ
419 1495 547 1550 ὁμοία
572 1496 690 1538 ἐστὶν
715 1496 846 1550 ἡΗΑ
870 1496 1122 1553 περιφέρεια
1141 1504 1192 1553 τῇ
1212 1500 1318 1540 ΜΝ
1331 1512 1449 1553 περι-
1491 1508 1494 1536 3

127 1561 293 1616 φερείᾳ,
317 1559 366 1603 ἐν
392 1555 424 1617 ᾧ
449 1562 590 1617 χρόνῳ
615 1561 662 1602 τὸ
689 1563 740 1603 Η
757 1560 827 1603 ἐπὶ
846 1562 894 1603 τὸ
914 1566 955 1603 Α
973 1562 1266 1616 παραγίνεται,
1291 1561 1338 1603 ἐν
1357 1562 1452 1604 τού·

127 1639 187 1680 τῳ
211 1624 283 1665 καὶ
309 1625 356 1665 τὸ
384 1627 433 1665 Ν
452 1623 522 1666 ἐπὶ
548 1625 595 1666 τὸ
622 1627 679 1666 Μ
697 1625 769 1667 καὶ
794 1624 816 1667 ὁ
842 1633 929 1667 τῶν
955 1626 1118 1682 ζῳδίων
1142 1625 1298 1675 κύκλος
1321 1626 1451 1667 θέσιν

58 1695 101 1725 25
127 1687 210 1738 ἕξει
235 1687 291 1737 ὡς
316 1689 396 1742 τὴν
414 1691 455 1730 Α
463 1691 500 1729 Β
508 1691 566 1729 Μ
568 1689 613 1729 Γ.
645 1686 736 1730 ἐπεὶ
761 1685 843 1731 οὖν
867 1688 916 1731 ἐν
939 1689 1103 1745 σφαίρᾳ
1128 1689 1208 1730 δύο
1232 1689 1383 1731 κύκλοι
1410 1690 1451 1731 οἱ
1491 1687 1494 1710 ³

128 1754 274 1793 ΑΒΜ
281 1754 328 1806 Γ,
353 1755 443 1793 ΑΘ
467 1752 730 1805 ἐφάπτονται
756 1752 966 1807 ἀλλήλων,
990 1753 1062 1795 διὰ
1087 1752 1135 1794 δὲ
1153 1759 1240 1795 τῶν
1258 1759 1336 1795 τοῦ
1356 1751 1452 1802 ἑνὸς
1491 1771 1494 1804 3

127 1817 274 1857 πόλων
292 1815 364 1857 καὶ
377 1821 451 1869 τῆς
465 1815 577 1869 ἁφῆς
589 1815 789 1870 μέγιστος
801 1818 957 1866 κύκλος
970 1815 1203 1871 γέγραπται
1218 1816 1239 1858 ὁ
1254 1819 1296 1858 Α
1303 1817 1386 1864 ΞΘ
1397 1819 1450 1870 0,

129 1879 264 1934 ὀρθὸς
289 1880 372 1933 ἄρα
397 1878 515 1920 ἐστὶν
541 1879 563 1921 6
583 1883 762 1923 ΑΞΘΟ
785 1881 891 1935 πρὸς
916 1881 994 1922 τὸν
1011 1883 1053 1922 Α
1061 1882 1159 1921 ΒΜ
1164 1882 1214 1922 Γ·
1247 1881 1355 1922 ὥστε
1379 1881 1451 1922 καὶ

129 1942 151 1984 ὁ
178 1946 328 1984 ΑΒΜ
335 1945 374 1984 Γ
397 1944 505 1997 πρὸς
536 1943 614 1984 τὸν
636 1943 816 1990 ΑΞΘΟ
845 1944 980 1999 ὀρθός
1012 1943 1140 1986 ἐστιν.
1187 1943 1330 1997 παλιν,
1362 1943 1451 1985 ἐπεὶ

60 2014 103 2045 30
130 2005 257 2059 ὁμοία
288 2006 405 2047 ἐστὶν
435 2006 460 2060 ἡ
492 2009 590 2080 ΑΚ
613 2006 864 2080 περιφέρεια
895 2014 945 2063 τῇ
978 2010 1076 2048 ΛΜ
1103 2009 1372 2062 περιφερείᾳ,
1403 2006 1451 2049 ἐν

189 2102 219 2132 1.
252 2097 340 2142 λέγω
367 2097 412 2141 δή
437 2078 519 2132 Vat.
582 2095 601 2132 6
627 2100 691 2132 KA
717 2096 894 2144 ζῳδιακός
919 2110 949 2132 v.
1010 2098 1102 2144 ΑΘ]
1120 2099 1230 2133 Aea
1256 2097 1321 2140 Ll,
1347 2099 1450 2133 ΑΘΒ

130 2156 167 2189 ν,
205 2145 274 2178 AO
299 2145 380 2179 Vae.
477 2148 507 2178 3.
546 2142 639 2189 ἐπεί]
677 2134 804 2188 ἐπειδή
834 2156 864 2179 v.
913 2145 1051 2191 ΗΘΚ]
1089 2145 1244 2179 ΑΗΘΚ
1274 2145 1374 2187 Vat.
1410 2146 1452 2179 ut

129 2190 192 2226 lin.
215 2194 268 2226 14.
363 2194 396 2225 4.
420 2189 459 2225 τέ
459 2190 625 2235 μνονσιν]
650 2190 817 2235 τέμνουσι
842 2191 884 2233 V,
917 2190 1110 2235 κτήνουσιν
1134 2202 1165 2225 v.
1261 2195 1293 2226 ὁ.
1317 2190 1405 2225 Post
1428 2191 1450 2235 ἡ

131 2236 214 2272 add.
240 2237 305 2281 μέν
330 2237 410 2271 Vat.
507 2240 538 2270 6.
565 2236 630 2271 διά
654 2257 699 2262 -
723 2237 763 2283 ἡ]
786 2237 809 2283 ἡ
835 2237 878 2272 δέ
900 2238 980 2272 Vat.
1072 2241 1101 2272 7.
1125 2235 1356 2286 περιφερείᾳ]
1381 2248 1451 2272 om.

130 2284 212 2320 Vat.
355 2286 387 2318 8.
419 2282 541 2328 ὁμοία]
573 2293 642 2319 om.
676 2284 757 2319 Vnt.
902 2287 955 2319 10.
986 2283 1250 2329 παραγίγνεται
1280 2284 1379 2327 Vnt„
1411 2285 1453 2319 ut

1477 511 1490 571 κ...
1472 298 1490 519 uma-§Mn
