1494 2450
419 48 750 86 INTRODUCTIO
777 47 1068 84 HARMONICA
1343 46 1428 88 201

34 160 57 215 ῥ’
75 158 421 219 incompositum,
433 163 479 204 in
494 161 711 204 chromate
725 162 768 202 et
782 159 956 202 diatono
973 156 1274 213 compositum.
1300 156 1430 198 inter-

34 217 35 228 *
73 232 186 272 valla
210 244 324 283 vero,
351 243 459 284 quae
485 230 585 270 sunt
608 225 846 268 hemitonio
872 224 1053 278 minora,
1078 223 1222 265 omnia
1248 224 1349 264 sunt
1368 222 1428 264 in-

31 307 32 310 ’
75 296 330 351 composita3
369 294 514 337 eodem
553 291 682 334 modo
721 291 851 333 etiam
889 305 950 345 ea,
988 304 1096 345 quae
1131 291 1232 330 sunt
1263 288 1427 330 maiora

74 361 240 416 ditono,
285 359 429 402 omnia.
472 357 723 415 composita.
781 355 1004 399 rationalis
1043 369 1143 397 vero
1182 356 1226 395 et
1261 353 1428 396 irratio-

71 426 181 468 nalis
208 428 273 468 est
299 425 550 476 differentia,
577 423 809 466 secundum
838 436 966 477 quam
991 422 1317 463 intervallorum
1342 419 1427 462 alia

24 531 25 534 ,
73 494 173 535 sunt
202 490 440 546 rationalia,
472 490 556 533 alia
581 487 860 531 irrationalia.
906 489 1033 542 atque
1058 485 1288 528 rationalia
1314 487 1427 540 sunt,

71 571 254 612 quorum
297 556 615 613 magnitudines
657 556 841 611 possunt
884 552 1086 608 indicari,
1128 552 1248 595 velut
1283 554 1424 607 tonus,

71 622 358 678 semitonium,
390 622 599 677 ditonum,
630 621 840 663 tritonum
867 618 1128 674 similiaque3
1160 617 1425 660 irrationalia

68 703 183 744 vero,
208 702 316 745 quae
340 688 418 730 has
443 686 762 744 magnitudines
789 685 878 728 sive
904 685 1041 727 maius
1063 684 1152 726 sive
1172 687 1314 726 minus
1334 698 1425 727 ver-

15 790 17 800 .
70 768 143 796 sus
167 753 540 811 transgrediuntur
564 753 802 795 irrationali
828 751 1010 806 quadam
1037 749 1346 806 magnitudine.

128 819 167 862 6.
200 819 363 863 Genera
388 822 532 862 autem
552 821 653 861 sunt
678 818 772 872 tria,
798 832 906 873 quae
927 818 1052 859 autea
1070 816 1292 859 nominata
1311 818 1423 858 sunt.

11 896 14 902 ’
69 900 195 928 omne
218 885 354 942 igitur
379 886 512 927 melos
540 887 614 926 aut
634 883 897 926 diatonicum
917 882 999 924 erit
1019 884 1093 924 aut
1112 880 1422 924 chromaticum

10 982 11 985 ,
68 953 142 993 aut
153 950 447 994 enarmonium
463 952 537 992 aut
551 964 775 992 commune
789 951 863 990 aut
877 949 1062 990 mixtum
1076 962 1128 990 ex
1138 947 1218 989 his.
1239 947 1422 990 diatoni-

68 1031 164 1059 cum
191 1019 256 1059 est
279 1016 414 1073 igitur
438 1016 494 1071 id,
521 1016 638 1070 quod
663 1014 879 1058 diatonica
898 1014 1107 1056 divisione
1126 1013 1274 1068 utitur,
1300 1013 1422 1055 chro-

66 1081 272 1125 maticum
298 1081 354 1136 id,
380 1082 495 1136 quod
520 1081 793 1136 chromatica,
819 1079 1114 1122 enarmonium
1134 1079 1190 1134 id,
1216 1079 1331 1135 quod
1351 1094 1423 1121 en-

0 1141 4 1172 3
67 1149 268 1190 armonia.
302 1162 526 1190 commune
552 1162 653 1190 vero
679 1146 734 1201 id,
761 1146 876 1202 quod
902 1161 952 1188 ex
979 1145 1193 1188 stantibus
1219 1148 1284 1188 est
1309 1159 1420 1187 com-

0 1235 2 1238 *
65 1213 274 1269 positum,
323 1213 507 1255 mixtum
551 1213 613 1269 id,
655 1214 700 1255 in
745 1227 829 1267 quo
875 1212 959 1254 duo
1003 1211 1073 1253 vel
1115 1214 1201 1254 tres
1246 1211 1419 1254 habitus

65 1279 282 1334 generales
308 1279 525 1334 adparent,
550 1280 669 1321 velut
692 1278 855 1320 diatoni
876 1280 918 1320 et
937 1277 1186 1319 harmoniae
1205 1279 1282 1320 aut
1300 1276 1420 1319 chro-

64 1345 190 1388 matis
213 1347 255 1387 ct
273 1344 522 1387 harmoniae
541 1346 616 1386 aut
635 1346 677 1385 et
698 1343 861 1385 diatoni
881 1345 923 1384 et
944 1342 1175 1385 chromatis
1197 1345 1239 1385 et
1251 1343 1420 1386 harmo-

63 1410 171 1452 niae.
221 1410 332 1452 fiunt
361 1412 505 1452 autem
537 1424 741 1465 generum
773 1409 1037 1451 differentiae
1070 1409 1304 1451 secundum
1331 1423 1420 1452 mo-

63 1475 170 1518 biles
207 1491 420 1519 sonorum.
470 1478 514 1518 et
542 1475 737 1518 lichanos
769 1474 941 1530 quidem
973 1474 1019 1516 in
1050 1475 1221 1517 toniaeo
1253 1474 1418 1518 ambitu

62 1544 269 1596 movetur,
292 1542 531 1597 parhypate
556 1555 656 1583 vero
682 1540 727 1582 in
748 1540 943 1582 diesiaeo.
983 1555 1032 1582 ac
1049 1540 1243 1583 lichanos
1264 1542 1418 1583 acutis-

7 1663 11 1666 .
63 1607 170 1649 sima
184 1609 247 1648 est
261 1621 310 1649 ea
324 1622 433 1663 quae
450 1610 555 1650 tono
576 1607 698 1649 abest
718 1606 769 1648 ab
784 1605 918 1648 altero
941 1620 1086 1648 eorum
1108 1621 1323 1662 sonorum,
1343 1607 1418 1662 qui

61 1672 380 1715 tetrachordum
410 1672 790 1727 comprehendunt,
823 1672 1086 1728 gravissima,
1122 1686 1230 1727 quae
1256 1672 1415 1715 ditono.

62 1738 210 1780 eodem
230 1740 373 1780 autem
391 1738 519 1781 modo
540 1739 667 1780 etiam
688 1738 926 1793 parhypate
947 1740 1011 1780 est
1024 1738 1287 1794 gravissima,
1308 1753 1416 1793 quae

9 1804 11 1806 ’
44 1803 169 1864 >diesi
193 1803 315 1846 abest
333 1819 358 1845 a
377 1804 571 1860 graviore
590 1818 737 1846 eorum
758 1818 973 1858 sonorum,
1001 1804 1075 1859 qui
1093 1805 1414 1847 tetrachordum

14 1905 18 1914 .
61 1869 438 1925 comprehendunt,
463 1870 710 1912 acutissima
735 1883 848 1925 vero,
884 1883 993 1924 quae
1018 1869 1255 1912 hemitonio
1283 1870 1415 1913 abest.

123 1935 159 1976 7.
194 1934 323 1977 Color
354 1937 498 1977 autem
524 1937 588 1977 est
615 1935 811 1990 specialis
839 1935 1005 1992 generis
1033 1935 1199 1978 divisio.
1251 1937 1414 1980 colores

12 2035 13 2039 ,
60 2002 203 2042 autem
230 2003 330 2042 sunt
353 2000 582 2044 rationales
604 2003 646 2043 et
665 2003 870 2056 perceptu
889 2001 1036 2044 faciles
1056 2016 1141 2057 sex,
1165 2001 1415 2046 harmoniae

0 2058 5 2115 s
60 2080 182 2120 unus,
208 2065 438 2108 chromatis
465 2068 564 2120 tres,
590 2066 752 2108 diatoni
780 2066 877 2109 duo.

0 2179 11 2197 ¹.
58 2153 124 2182 τοῦ
156 2146 362 2193 βαρυτέρου
391 2147 433 2183 τὸ
470 2154 544 2184 τῶν
574 2148 829 2195 τετραχόρδων
861 2148 1109 2195 περιεχόντων
1141 2148 1292 2186 δίτονον
1323 2152 1414 2186 ἀπέ-

6 2227 10 2236 .,
59 2205 188 2240 χουσα,
226 2194 383 2240 ὀξυτάτη
420 2195 461 2230 δὲ
498 2196 521 2241 ἡ
559 2196 672 2233 τόνον
708 2196 898 2243 ἀπέχουσα
935 2196 1012 2233 ἀπὸ
1048 2203 1123 2232 τῶν
1157 2198 1414 2244 τετραχόρδων

58 2241 304 2288 περιεχόντων
328 2242 387 2278 W.
518 2247 574 2279 26.
601 2243 746 2291 γένους]
770 2245 794 2290 ἡ
820 2243 951 2290 γένους
975 2244 1035 2280 W.
1132 2245 1258 2292 χρόαι]
1288 2246 1415 2293 χροιαί

5 2321 7 2334 ,Υ
58 2289 156 2332 MW,
181 2290 285 2334 prius
312 2303 325 2325 ι
350 2301 442 2326 eras.
462 2290 512 2326 M.
586 2295 643 2327 27.
669 2291 865 2340 ἁρμονίας]
892 2292 914 2339 ἡ
941 2299 1005 2329 τοῦ
1032 2294 1258 2339 ἐναρμονίου
1283 2294 1414 2340 γένους

59 2347 172 2383 supra.
195 2337 260 2374 M4.
