<?xml version="1.0" encoding="UTF-8"?>
<!DOCTYPE html PUBLIC "-//W3C//DTD XHTML 1.0 Transitional//EN"
    "http://www.w3.org/TR/xhtml1/DTD/xhtml1-transitional.dtd">
<html xmlns="http://www.w3.org/1999/xhtml" xml:lang="en" lang="en">
 <head>
  <title>
</title>
<meta http-equiv="Content-Type" content="text/html;charset=utf-8" />
  <meta name='ocr-system' content='tesseract 3.04.00' />
  <meta name='ocr-capabilities' content='ocr_page ocr_carea ocr_par ocr_line ocrx_word'/>
</head>
<body>
  <div class='ocr_page' id='page_1' title='image "./euclidisoperaomn08eucluoft_0256.png"; bbox 0 0 1494 2450; ppageno 0'>
   <div class='ocr_carea' id='block_1_1' title="bbox 85 752 127 783">
    <p class='ocr_par' dir='ltr' id='par_1_1' title="bbox 85 752 127 783">
     <span class='ocr_line' id='line_1_1' title="bbox 85 752 127 783; baseline 0.024 -1"><span class='ocrx_word' id='word_1_1' title='bbox 85 752 127 783; x_wconf 90' lang='grc'><em>10</em></span> 
     </span>
    </p>
   </div>
   <div class='ocr_carea' id='block_1_2' title="bbox 85 1074 126 1105">
    <p class='ocr_par' dir='ltr' id='par_1_2' title="bbox 85 1074 126 1105">
     <span class='ocr_line' id='line_1_2' title="bbox 85 1074 126 1105; baseline 0.024 -1"><span class='ocrx_word' id='word_1_2' title='bbox 85 1074 126 1105; x_wconf 83' lang='grc'><em>15</em></span> 
     </span>
    </p>
   </div>
   <div class='ocr_carea' id='block_1_3' title="bbox 84 1394 127 1425">
    <p class='ocr_par' dir='ltr' id='par_1_3' title="bbox 84 1394 127 1425">
     <span class='ocr_line' id='line_1_3' title="bbox 84 1394 127 1425; baseline 0 0"><span class='ocrx_word' id='word_1_3' title='bbox 84 1394 127 1425; x_wconf 83' lang='grc'><em>20</em></span> 
     </span>
    </p>
   </div>
   <div class='ocr_carea' id='block_1_4' title="bbox 85 1716 127 1747">
    <p class='ocr_par' dir='ltr' id='par_1_4' title="bbox 85 1716 127 1747">
     <span class='ocr_line' id='line_1_4' title="bbox 85 1716 127 1747; baseline 0 0"><span class='ocrx_word' id='word_1_4' title='bbox 85 1716 127 1747; x_wconf 83' lang='grc'><em>25</em></span> 
     </span>
    </p>
   </div>
   <div class='ocr_carea' id='block_1_5' title="bbox 1418 126 1494 807">
    <p class='ocr_par' dir='ltr' id='par_1_5' title="bbox 1418 126 1494 807">
     <span class='ocr_line' id='line_1_5' title="bbox 1418 126 1494 381; baseline 0 0"><span class='ocrx_word' id='word_1_5' title='bbox 1418 126 1494 381; x_wconf 95' lang='lat' dir='ltr'><em>   </em></span> 
     </span>
     <span class='ocr_line' id='line_1_6' title="bbox 1418 381 1494 508; baseline 0 0"><span class='ocrx_word' id='word_1_6' title='bbox 1418 381 1494 508; x_wconf 95' lang='lat' dir='ltr'><em>   </em></span> 
     </span>
     <span class='ocr_line' id='line_1_7' title="bbox 1448 508 1491 701; baseline 0 0"><span class='ocrx_word' id='word_1_7' title='bbox 1448 508 1491 701; x_wconf 95' lang='lat' dir='ltr'><em>    </em></span> 
     </span>
     <span class='ocr_line' id='line_1_8' title="bbox 1433 701 1491 807; baseline 0 0"><span class='ocrx_word' id='word_1_8' title='bbox 1433 701 1491 807; x_wconf 95' lang='lat' dir='ltr'><em>  </em></span> 
     </span>
    </p>
   </div>
   <div class='ocr_carea' id='block_1_6' title="bbox 163 55 1103 97">
    <p class='ocr_par' dir='ltr' id='par_1_6' title="bbox 163 55 1103 97">
     <span class='ocr_line' id='line_1_9' title="bbox 163 55 1103 97; baseline -0.002 0"><span class='ocrx_word' id='word_1_9' title='bbox 163 55 244 97; x_wconf 88' lang='grc'><em>198</em></span> <span class='ocrx_word' id='word_1_10' title='bbox 550 59 669 93; x_wconf 79' lang='grc' dir='ltr'><em>ΕΙΣΑ</em></span> <span class='ocrx_word' id='word_1_11' title='bbox 676 60 811 93; x_wconf 67' lang='grc' dir='ltr'><em>ΓΩΓΗ</em></span> <span class='ocrx_word' id='word_1_12' title='bbox 833 60 1103 95; x_wconf 84' lang='lat' dir='ltr'><em>APMONIKH</em></span> 
     </span>
    </p>
   </div>
   <div class='ocr_carea' id='block_1_7' title="bbox 151 158 1494 2019">
    <p class='ocr_par' dir='ltr' id='par_1_7' title="bbox 151 158 1494 2016">
     <span class='ocr_line' id='line_1_10' title="bbox 156 158 1453 225; baseline 0.006 -21"><span class='ocrx_word' id='word_1_13' title='bbox 156 163 315 217; x_wconf 87' lang='grc' dir='ltr'><em>μάτων,</em></span> <span class='ocrx_word' id='word_1_14' title='bbox 348 163 373 206; x_wconf 80' lang='grc' dir='ltr'>ἃ</span> <span class='ocrx_word' id='word_1_15' title='bbox 406 164 454 206; x_wconf 81' lang='grc' dir='ltr'><em>δὲ</em></span> <span class='ocrx_word' id='word_1_16' title='bbox 479 163 700 218; x_wconf 84' lang='grc' dir='ltr'><em>ἐλάττονα,</em></span> <span class='ocrx_word' id='word_1_17' title='bbox 731 158 827 207; x_wconf 84' lang='grc' dir='ltr'><em>οἷον</em></span> <span class='ocrx_word' id='word_1_18' title='bbox 852 166 1042 219; x_wconf 77' lang='grc' dir='ltr'><em>δίτονον,</em></span> <span class='ocrx_word' id='word_1_19' title='bbox 1072 168 1212 221; x_wconf 94' lang='grc' dir='ltr'><em>τόνος,</em></span> <span class='ocrx_word' id='word_1_20' title='bbox 1243 158 1457 225; x_wconf 82' lang='grc' dir='ltr'><em>ἡμιτόνιο.</em></span> 
     </span>
     <span class='ocr_line' id='line_1_11' title="bbox 156 227 1461 287; baseline 0.005 -19"><span class='ocrx_word' id='word_1_21' title='bbox 156 228 228 269; x_wconf 82' lang='grc' dir='ltr'><em>διά</em></span> <span class='ocrx_word' id='word_1_22' title='bbox 271 228 512 283; x_wconf 78' lang='grc' dir='ltr'><em>τεσσάρων,</em></span> <span class='ocrx_word' id='word_1_23' title='bbox 557 229 628 270; x_wconf 80' lang='grc' dir='ltr'><em>διὰ</em></span> <span class='ocrx_word' id='word_1_24' title='bbox 659 227 805 282; x_wconf 83' lang='grc' dir='ltr'><em>πέντε,</em></span> <span class='ocrx_word' id='word_1_25' title='bbox 849 229 921 271; x_wconf 80' lang='grc' dir='ltr'><em>διὰ</em></span> <span class='ocrx_word' id='word_1_26' title='bbox 950 237 1101 272; x_wconf 82' lang='grc' dir='ltr'><em>πασῶν</em></span> <span class='ocrx_word' id='word_1_27' title='bbox 1142 230 1214 272; x_wconf 86' lang='grc' dir='ltr'><em>καὶ</em></span> <span class='ocrx_word' id='word_1_28' title='bbox 1256 233 1308 274; x_wconf 85' lang='grc' dir='ltr'><em>τὰ</em></span> <span class='ocrx_word' id='word_1_29' title='bbox 1345 233 1423 287; x_wconf 84' lang='grc' dir='ltr'><em>ὅμο</em></span> <span class='ocrx_word' id='word_1_30' title='bbox 1449 262 1461 269; x_wconf 63' lang='lat'><em>‹.</em></span> 
     </span>
     <span class='ocr_line' id='line_1_12' title="bbox 154 291 1492 351; baseline 0.005 -18"><span class='ocrx_word' id='word_1_31' title='bbox 154 293 180 346; x_wconf 92' lang='grc' dir='ltr'><em>ἡ</em></span> <span class='ocrx_word' id='word_1_32' title='bbox 206 291 254 333; x_wconf 80' lang='grc' dir='ltr'><em>δὲ</em></span> <span class='ocrx_word' id='word_1_33' title='bbox 279 293 383 334; x_wconf 81' lang='grc' dir='ltr'><em>κατὰ</em></span> <span class='ocrx_word' id='word_1_34' title='bbox 410 291 578 346; x_wconf 88' lang='grc' dir='ltr'><em>γένος,</em></span> <span class='ocrx_word' id='word_1_35' title='bbox 603 291 704 334; x_wconf 84' lang='grc' dir='ltr'><em>καθ’</em></span> <span class='ocrx_word' id='word_1_36' title='bbox 730 292 785 347; x_wconf 84' lang='grc' dir='ltr'><em>ἣν</em></span> <span class='ocrx_word' id='word_1_37' title='bbox 811 292 836 334; x_wconf 79' lang='grc' dir='ltr'><em>ἃ</em></span> <span class='ocrx_word' id='word_1_38' title='bbox 855 292 935 347; x_wconf 87' lang='grc' dir='ltr'><em>μέν</em></span> <span class='ocrx_word' id='word_1_39' title='bbox 960 292 1049 336; x_wconf 86' lang='grc' dir='ltr'><em>ἐστι</em></span> <span class='ocrx_word' id='word_1_40' title='bbox 1075 301 1163 336; x_wconf 84' lang='grc' dir='ltr'><em>τῶν</em></span> <span class='ocrx_word' id='word_1_41' title='bbox 1182 296 1457 351; x_wconf 68' lang='grc' dir='ltr'><em>διαστημάτη</em></span> <span class='ocrx_word' id='word_1_42' title='bbox 1480 303 1492 320; x_wconf 70' lang='lat'><strong>²</strong></span> 
     </span>
     <span class='ocr_line' id='line_1_13' title="bbox 155 355 1493 415; baseline 0.004 -18"><span class='ocrx_word' id='word_1_43' title='bbox 155 356 397 411; x_wconf 85' lang='grc' dir='ltr'><em>διατονικά,</em></span> <span class='ocrx_word' id='word_1_44' title='bbox 443 356 469 397; x_wconf 79' lang='grc' dir='ltr'><em>ἃ</em></span> <span class='ocrx_word' id='word_1_45' title='bbox 507 357 555 398; x_wconf 79' lang='grc' dir='ltr'><em>δὲ</em></span> <span class='ocrx_word' id='word_1_46' title='bbox 597 357 862 411; x_wconf 85' lang='grc' dir='ltr'><em>χρωματικά,</em></span> <span class='ocrx_word' id='word_1_47' title='bbox 908 357 934 398; x_wconf 77' lang='grc' dir='ltr'><em>ἃ</em></span> <span class='ocrx_word' id='word_1_48' title='bbox 975 355 1022 399; x_wconf 73' lang='grc' dir='ltr'><em>δὲ</em></span> <span class='ocrx_word' id='word_1_49' title='bbox 1065 356 1309 413; x_wconf 80' lang='grc' dir='ltr'><em>ἑναρμόνια.</em></span> <span class='ocrx_word' id='word_1_50' title='bbox 1370 361 1395 415; x_wconf 87' lang='grc' dir='ltr'><em>ἡ</em></span> <span class='ocrx_word' id='word_1_51' title='bbox 1439 359 1493 411; x_wconf 48' lang='grc' dir='ltr'><em>ιῗῇῗ</em></span> 
     </span>
     <span class='ocr_line' id='line_1_14' title="bbox 154 418 1485 479; baseline 0.001 -17"><span class='ocrx_word' id='word_1_52' title='bbox 154 427 233 462; x_wconf 91' lang='grc' dir='ltr'><em>τοῦ</em></span> <span class='ocrx_word' id='word_1_53' title='bbox 260 421 563 475; x_wconf 84' lang='grc' dir='ltr'><em>συμφώνου,</em></span> <span class='ocrx_word' id='word_1_54' title='bbox 588 419 688 463; x_wconf 88' lang='grc' dir='ltr'><em>καθ’</em></span> <span class='ocrx_word' id='word_1_55' title='bbox 719 420 775 474; x_wconf 80' lang='grc' dir='ltr'><em>ἣν</em></span> <span class='ocrx_word' id='word_1_56' title='bbox 801 421 827 462; x_wconf 76' lang='grc' dir='ltr'>ἃ</span> <span class='ocrx_word' id='word_1_57' title='bbox 851 421 931 473; x_wconf 89' lang='grc' dir='ltr'><em>μέν</em></span> <span class='ocrx_word' id='word_1_58' title='bbox 956 421 1045 464; x_wconf 83' lang='grc' dir='ltr'><em>ἐστι</em></span> <span class='ocrx_word' id='word_1_59' title='bbox 1070 429 1157 464; x_wconf 85' lang='grc' dir='ltr'><em>τῶν</em></span> <span class='ocrx_word' id='word_1_60' title='bbox 1183 418 1485 479; x_wconf 76' lang='grc' dir='ltr'><em>διαστημάτη’</em></span> 
     </span>
     <span class='ocr_line' id='line_1_15' title="bbox 155 477 1487 541; baseline 0.005 -15"><span class='ocrx_word' id='word_1_61' title='bbox 155 485 390 539; x_wconf 90' lang='grc' dir='ltr'><em>σύμφωνα,</em></span> <span class='ocrx_word' id='word_1_62' title='bbox 421 484 447 526; x_wconf 75' lang='grc' dir='ltr'><strong><em>ἃ</em></strong></span> <span class='ocrx_word' id='word_1_63' title='bbox 480 483 527 526; x_wconf 78' lang='grc' dir='ltr'><em>δὲ</em></span> <span class='ocrx_word' id='word_1_64' title='bbox 559 485 771 539; x_wconf 78' lang='grc' dir='ltr'><em>διάφωνα.</em></span> <span class='ocrx_word' id='word_1_65' title='bbox 821 485 1035 540; x_wconf 87' lang='grc' dir='ltr'><em>σύμφωνα</em></span> <span class='ocrx_word' id='word_1_66' title='bbox 1064 487 1140 541; x_wconf 79' lang='grc' dir='ltr'><em>μὲν</em></span> <span class='ocrx_word' id='word_1_67' title='bbox 1175 484 1257 530; x_wconf 86' lang='grc' dir='ltr'><em>οὗν</em></span> <span class='ocrx_word' id='word_1_68' title='bbox 1287 487 1377 531; x_wconf 85' lang='grc' dir='ltr'><em>ἐστι</em></span> <span class='ocrx_word' id='word_1_69' title='bbox 1408 477 1487 532; x_wconf 59' lang='lat' dir='ltr'><em>6tsf3</em></span> 
     </span>
     <span class='ocr_line' id='line_1_16' title="bbox 153 549 1451 607; baseline 0.004 -17"><span class='ocrx_word' id='word_1_70' title='bbox 153 550 390 602; x_wconf 76' lang='grc' dir='ltr'><em>τεσσάρων,</em></span> <span class='ocrx_word' id='word_1_71' title='bbox 416 549 488 590; x_wconf 86' lang='grc' dir='ltr'><em>διὰ</em></span> <span class='ocrx_word' id='word_1_72' title='bbox 513 549 653 602; x_wconf 84' lang='grc' dir='ltr'><em>πέντε,</em></span> <span class='ocrx_word' id='word_1_73' title='bbox 679 549 752 591; x_wconf 79' lang='grc' dir='ltr'><em>διὰ</em></span> <span class='ocrx_word' id='word_1_74' title='bbox 777 558 927 592; x_wconf 84' lang='grc' dir='ltr'><em>πασῶν</em></span> <span class='ocrx_word' id='word_1_75' title='bbox 952 551 1093 593; x_wconf 79' lang='grc' dir='ltr'><em>καὶτὰ</em></span> <span class='ocrx_word' id='word_1_76' title='bbox 1111 551 1249 606; x_wconf 82' lang='grc' dir='ltr'><em>ὅμοια.</em></span> <span class='ocrx_word' id='word_1_77' title='bbox 1280 553 1451 607; x_wconf 89' lang='grc' dir='ltr'><em>διάφων</em></span> 
     </span>
     <span class='ocr_line' id='line_1_17' title="bbox 154 611 1448 671; baseline 0.004 -17"><span class='ocrx_word' id='word_1_78' title='bbox 154 611 202 655; x_wconf 76' lang='grc' dir='ltr'><em>δὲ</em></span> <span class='ocrx_word' id='word_1_79' title='bbox 228 614 279 654; x_wconf 81' lang='grc' dir='ltr'><em>τὰ</em></span> <span class='ocrx_word' id='word_1_80' title='bbox 305 613 510 655; x_wconf 81' lang='grc' dir='ltr'><em>ἐλάττονα</em></span> <span class='ocrx_word' id='word_1_81' title='bbox 536 619 614 655; x_wconf 90' lang='grc' dir='ltr'><em>τοῦ</em></span> <span class='ocrx_word' id='word_1_82' title='bbox 640 614 712 655; x_wconf 83' lang='grc' dir='ltr'><em>διὰ</em></span> <span class='ocrx_word' id='word_1_83' title='bbox 737 615 958 669; x_wconf 78' lang='grc' dir='ltr'><em>τεσσάρων</em></span> <span class='ocrx_word' id='word_1_84' title='bbox 988 615 1127 657; x_wconf 87' lang='grc' dir='ltr'><em>πάντα</em></span> <span class='ocrx_word' id='word_1_85' title='bbox 1152 614 1222 657; x_wconf 86' lang='grc' dir='ltr'><em>καὶ</em></span> <span class='ocrx_word' id='word_1_86' title='bbox 1247 617 1299 658; x_wconf 79' lang='grc' dir='ltr'><em>τὰ</em></span> <span class='ocrx_word' id='word_1_87' title='bbox 1323 613 1494 671; x_wconf 81' lang='grc' dir='ltr'><em>μεταξ</em></span> 
     </span>
     <span class='ocr_line' id='line_1_18' title="bbox 154 676 1494 733; baseline 0.004 -15"><span class='ocrx_word' id='word_1_88' title='bbox 154 684 240 718; x_wconf 84' lang='grc' dir='ltr'><em>τῶν</em></span> <span class='ocrx_word' id='word_1_89' title='bbox 278 678 525 730; x_wconf 85' lang='grc' dir='ltr'><em>συμφώνων</em></span> <span class='ocrx_word' id='word_1_90' title='bbox 560 677 711 720; x_wconf 82' lang='grc' dir='ltr'><em>πάντα.</em></span> <span class='ocrx_word' id='word_1_91' title='bbox 760 677 918 720; x_wconf 79' lang='grc' dir='ltr'><em>ἐλάττω</em></span> <span class='ocrx_word' id='word_1_92' title='bbox 955 679 1035 733; x_wconf 76' lang='grc' dir='ltr'><em>μὲν</em></span> <span class='ocrx_word' id='word_1_93' title='bbox 1066 676 1148 722; x_wconf 84' lang='grc' dir='ltr'><em>οὖν</em></span> <span class='ocrx_word' id='word_1_94' title='bbox 1179 679 1268 722; x_wconf 85' lang='grc' dir='ltr'><em>ε’στι</em></span> <span class='ocrx_word' id='word_1_95' title='bbox 1298 687 1376 723; x_wconf 88' lang='grc' dir='ltr'><em>τοῦ</em></span> <span class='ocrx_word' id='word_1_96' title='bbox 1407 683 1432 723; x_wconf 85' lang='grc' dir='ltr'><em>δ</em></span> <span class='ocrx_word' id='word_1_97' title='bbox 1460 679 1494 728; x_wconf 70' lang='grc' dir='ltr'>ζ</span> 
     </span>
     <span class='ocr_line' id='line_1_19' title="bbox 153 742 1405 798; baseline 0.004 -16"><span class='ocrx_word' id='word_1_98' title='bbox 153 742 375 796; x_wconf 88' lang='grc' dir='ltr'><em>τεσσάρων</em></span> <span class='ocrx_word' id='word_1_99' title='bbox 406 742 556 795; x_wconf 78' lang='grc' dir='ltr'><em>δίεσις,</em></span> <span class='ocrx_word' id='word_1_100' title='bbox 587 742 826 796; x_wconf 77' lang='grc' dir='ltr'><em>ἡμιτόνιον,</em></span> <span class='ocrx_word' id='word_1_101' title='bbox 858 744 998 797; x_wconf 82' lang='grc' dir='ltr'><em>τόνος,</em></span> <span class='ocrx_word' id='word_1_102' title='bbox 1030 744 1220 798; x_wconf 87' lang='grc' dir='ltr'><em>δίτονον,</em></span> <span class='ocrx_word' id='word_1_103' title='bbox 1250 744 1405 796; x_wconf 83' lang='grc' dir='ltr'><em>μεταξὺ</em></span> 
     </span>
     <span class='ocr_line' id='line_1_20' title="bbox 153 803 1494 862; baseline 0.004 -16"><span class='ocrx_word' id='word_1_104' title='bbox 153 813 242 847; x_wconf 86' lang='grc' dir='ltr'><em>τῶν</em></span> <span class='ocrx_word' id='word_1_105' title='bbox 273 807 522 859; x_wconf 85' lang='grc' dir='ltr'><em>συμφώνων</em></span> <span class='ocrx_word' id='word_1_106' title='bbox 553 807 774 860; x_wconf 90' lang='grc' dir='ltr'><em>τρίτονον,</em></span> <span class='ocrx_word' id='word_1_107' title='bbox 805 807 1084 862; x_wconf 85' lang='grc' dir='ltr'><em>τετράτονον,</em></span> <span class='ocrx_word' id='word_1_108' title='bbox 1114 823 1379 851; x_wconf 85' lang='grc' dir='ltr'><em>πεντατονον</em></span> <span class='ocrx_word' id='word_1_109' title='bbox 1408 825 1433 851; x_wconf 84' lang='grc' dir='ltr'><strong><em>κ</em></strong></span> <span class='ocrx_word' id='word_1_110' title='bbox 1490 803 1494 847; x_wconf 70' lang='grc' dir='ltr'>ἶ</span> 
     </span>
     <span class='ocr_line' id='line_1_21' title="bbox 153 808 1494 954; baseline 0.001 -43"><span class='ocrx_word' id='word_1_111' title='bbox 153 871 205 912; x_wconf 84' lang='grc' dir='ltr'><em>τὰ</em></span> <span class='ocrx_word' id='word_1_112' title='bbox 231 870 369 924; x_wconf 82' lang='grc' dir='ltr'><em>ὅμοια.</em></span> <span class='ocrx_word' id='word_1_113' title='bbox 413 867 505 912; x_wconf 80' lang='grc' dir='ltr'><em>ἔστι</em></span> <span class='ocrx_word' id='word_1_114' title='bbox 531 870 579 911; x_wconf 81' lang='grc' dir='ltr'><em>δὲ</em></span> <span class='ocrx_word' id='word_1_115' title='bbox 605 873 837 924; x_wconf 88' lang='grc' dir='ltr'><em>συμφωνία</em></span> <span class='ocrx_word' id='word_1_116' title='bbox 867 871 946 925; x_wconf 82' lang='grc' dir='ltr'><em>μὲν</em></span> <span class='ocrx_word' id='word_1_117' title='bbox 971 880 1120 926; x_wconf 80' lang='grc' dir='ltr'><em>κρᾶσις</em></span> <span class='ocrx_word' id='word_1_118' title='bbox 1146 873 1226 914; x_wconf 91' lang='grc' dir='ltr'><em>δύο</em></span> <span class='ocrx_word' id='word_1_119' title='bbox 1237 808 1494 954; x_wconf 44' lang='grc' dir='ltr'><em>φθόγγωῄῑ</em></span> 
     </span>
     <span class='ocr_line' id='line_1_22' title="bbox 154 933 1479 990; baseline 0.003 -15"><span class='ocrx_word' id='word_1_120' title='bbox 154 933 360 990; x_wconf 78' lang='grc' dir='ltr'><em>ὀξυτέρου</em></span> <span class='ocrx_word' id='word_1_121' title='bbox 385 935 455 976; x_wconf 82' lang='grc' dir='ltr'><em>καὶ</em></span> <span class='ocrx_word' id='word_1_122' title='bbox 474 934 735 989; x_wconf 81' lang='grc' dir='ltr'><em>βαρυτέρου·</em></span> <span class='ocrx_word' id='word_1_123' title='bbox 778 936 1002 990; x_wconf 76' lang='grc' dir='ltr'><em>(διαφωι</em></span> <span class='ocrx_word' id='word_1_124' title='bbox 983 953 1027 978; x_wconf 90' lang='grc' dir='ltr'><em>ια</em></span> <span class='ocrx_word' id='word_1_125' title='bbox 1052 937 1100 979; x_wconf 80' lang='grc' dir='ltr'><em>δὲ</em></span> <span class='ocrx_word' id='word_1_126' title='bbox 1119 936 1379 979; x_wconf 86' lang='grc' dir='ltr'><em>τούναντίον</em></span> <span class='ocrx_word' id='word_1_127' title='bbox 1397 938 1479 986; x_wconf 61' lang='lat'>6250}</span> 
     </span>
     <span class='ocr_line' id='line_1_23' title="bbox 154 998 1477 1056; baseline 0.005 -17"><span class='ocrx_word' id='word_1_128' title='bbox 154 1000 368 1053; x_wconf 77' lang='grc' dir='ltr'><em>φθόγγων</em></span> <span class='ocrx_word' id='word_1_129' title='bbox 390 998 578 1053; x_wconf 77' lang='grc' dir='ltr'><em>ἀμιξια),</em></span> <span class='ocrx_word' id='word_1_130' title='bbox 597 999 706 1041; x_wconf 81' lang='grc' dir='ltr'><em>ὥστε</em></span> <span class='ocrx_word' id='word_1_131' title='bbox 725 1000 782 1054; x_wconf 89' lang='grc' dir='ltr'><em>μὴ</em></span> <span class='ocrx_word' id='word_1_132' title='bbox 801 1004 1034 1055; x_wconf 81' lang='grc' dir='ltr'><em>κραθῆναι,</em></span> <span class='ocrx_word' id='word_1_133' title='bbox 1054 1000 1162 1043; x_wconf 79' lang='grc' dir='ltr'><em>ἀλλὰ</em></span> <span class='ocrx_word' id='word_1_134' title='bbox 1180 1006 1477 1056; x_wconf 72' lang='grc' dir='ltr'><em>τραχυνθῆναέ</em></span> 
     </span>
     <span class='ocr_line' id='line_1_24' title="bbox 153 1061 1476 1119; baseline 0.003 -15"><span class='ocrx_word' id='word_1_135' title='bbox 153 1063 231 1116; x_wconf 87' lang='grc' dir='ltr'><em>τὴν</em></span> <span class='ocrx_word' id='word_1_136' title='bbox 265 1061 412 1116; x_wconf 80' lang='grc' dir='ltr'><em>ἀκοήν.</em></span> <span class='ocrx_word' id='word_1_137' title='bbox 461 1063 487 1117; x_wconf 93' lang='grc' dir='ltr'><em>ἡ</em></span> <span class='ocrx_word' id='word_1_138' title='bbox 519 1063 567 1105; x_wconf 79' lang='grc' dir='ltr'><em>δὲ</em></span> <span class='ocrx_word' id='word_1_139' title='bbox 597 1069 675 1105; x_wconf 91' lang='grc' dir='ltr'><em>τοῦ</em></span> <span class='ocrx_word' id='word_1_140' title='bbox 711 1062 970 1106; x_wconf 80' lang='grc' dir='ltr'><em>συνθέτου</em></span> <span class='ocrx_word' id='word_1_141' title='bbox 1002 1063 1091 1107; x_wconf 81' lang='grc' dir='ltr'><em>ἐστὶ</em></span> <span class='ocrx_word' id='word_1_142' title='bbox 1124 1066 1334 1119; x_wconf 86' lang='grc' dir='ltr'><em>διαφορά,</em></span> <span class='ocrx_word' id='word_1_143' title='bbox 1371 1061 1476 1108; x_wconf 60' lang='grc' dir='ltr'><em>καθέ</em></span> 
     </span>
     <span class='ocr_line' id='line_1_25' title="bbox 151 1125 1483 1183; baseline 0.003 -15"><span class='ocrx_word' id='word_1_144' title='bbox 151 1128 207 1181; x_wconf 78' lang='grc' dir='ltr'><em>ἣν</em></span> <span class='ocrx_word' id='word_1_145' title='bbox 239 1127 265 1169; x_wconf 78' lang='grc' dir='ltr'><em>ἃ</em></span> <span class='ocrx_word' id='word_1_146' title='bbox 295 1125 375 1180; x_wconf 85' lang='grc' dir='ltr'><em>μέν</em></span> <span class='ocrx_word' id='word_1_147' title='bbox 407 1126 496 1168; x_wconf 79' lang='grc' dir='ltr'><em>ἐστι</em></span> <span class='ocrx_word' id='word_1_148' title='bbox 526 1134 614 1169; x_wconf 83' lang='grc' dir='ltr'><em>τῶν</em></span> <span class='ocrx_word' id='word_1_149' title='bbox 645 1127 946 1182; x_wconf 82' lang='grc' dir='ltr'><em>διαστημάτων</em></span> <span class='ocrx_word' id='word_1_150' title='bbox 976 1127 1210 1183; x_wconf 80' lang='grc' dir='ltr'><em>ἀσύνθετα,</em></span> <span class='ocrx_word' id='word_1_151' title='bbox 1247 1129 1273 1172; x_wconf 78' lang='grc' dir='ltr'>ἃ</span> <span class='ocrx_word' id='word_1_152' title='bbox 1304 1130 1352 1172; x_wconf 83' lang='grc' dir='ltr'><em>δὲ</em></span> <span class='ocrx_word' id='word_1_153' title='bbox 1377 1131 1483 1176; x_wconf 44' lang='grc' dir='ltr'><em>σύν-,ξη</em></span> 
     </span>
     <span class='ocr_line' id='line_1_26' title="bbox 152 1188 1479 1250; baseline 0.002 -17"><span class='ocrx_word' id='word_1_154' title='bbox 152 1196 271 1233; x_wconf 88' lang='grc' dir='ltr'><em>θετα.</em></span> <span class='ocrx_word' id='word_1_155' title='bbox 317 1191 539 1233; x_wconf 81' lang='grc' dir='ltr'><em>ἀσύνθετα</em></span> <span class='ocrx_word' id='word_1_156' title='bbox 569 1191 648 1244; x_wconf 80' lang='grc' dir='ltr'><em>μὲν</em></span> <span class='ocrx_word' id='word_1_157' title='bbox 680 1188 761 1234; x_wconf 87' lang='grc' dir='ltr'><em>οὗν</em></span> <span class='ocrx_word' id='word_1_158' title='bbox 793 1192 1058 1246; x_wconf 88' lang='grc' dir='ltr'><em>διαστήματά</em></span> <span class='ocrx_word' id='word_1_159' title='bbox 1088 1191 1177 1235; x_wconf 82' lang='grc' dir='ltr'><em>ἐστι</em></span> <span class='ocrx_word' id='word_1_160' title='bbox 1208 1194 1259 1235; x_wconf 81' lang='grc' dir='ltr'><em>τὰ</em></span> <span class='ocrx_word' id='word_1_161' title='bbox 1283 1193 1367 1236; x_wconf 84' lang='grc' dir='ltr'><em>ὑπὸ</em></span> <span class='ocrx_word' id='word_1_162' title='bbox 1392 1201 1479 1250; x_wconf 65' lang='grc' dir='ltr'><em>τῶν</em></span> 
     </span>
     <span class='ocr_line' id='line_1_27' title="bbox 154 1250 1487 1315; baseline 0.002 -18"><span class='ocrx_word' id='word_1_163' title='bbox 154 1254 248 1310; x_wconf 82' lang='grc' dir='ltr'><em>ἑξῆς</em></span> <span class='ocrx_word' id='word_1_164' title='bbox 275 1257 491 1310; x_wconf 79' lang='grc' dir='ltr'><em>φθόγγων</em></span> <span class='ocrx_word' id='word_1_165' title='bbox 509 1257 804 1310; x_wconf 81' lang='grc' dir='ltr'><em>περιεχόμενα,</em></span> <span class='ocrx_word' id='word_1_166' title='bbox 829 1250 926 1298; x_wconf 80' lang='grc' dir='ltr'><em>οἷον</em></span> <span class='ocrx_word' id='word_1_167' title='bbox 943 1256 1107 1311; x_wconf 85' lang='grc' dir='ltr'><em>ὑπάτης</em></span> <span class='ocrx_word' id='word_1_168' title='bbox 1124 1256 1194 1299; x_wconf 87' lang='grc' dir='ltr'><em>καὶ</em></span> <span class='ocrx_word' id='word_1_169' title='bbox 1214 1259 1487 1315; x_wconf 47' lang='grc' dir='ltr'><em>παρυπάτηςς</em></span> 
     </span>
     <span class='ocr_line' id='line_1_28' title="bbox 153 1315 1482 1375; baseline 0.002 -14"><span class='ocrx_word' id='word_1_170' title='bbox 153 1319 225 1362; x_wconf 85' lang='grc' dir='ltr'><em>καὶ</em></span> <span class='ocrx_word' id='word_1_171' title='bbox 250 1322 431 1375; x_wconf 84' lang='grc' dir='ltr'><em>λιχανοῦ</em></span> <span class='ocrx_word' id='word_1_172' title='bbox 456 1320 528 1361; x_wconf 82' lang='grc' dir='ltr'><em>καὶ</em></span> <span class='ocrx_word' id='word_1_173' title='bbox 552 1319 699 1374; x_wconf 84' lang='grc' dir='ltr'><em>μέσης·</em></span> <span class='ocrx_word' id='word_1_174' title='bbox 731 1319 753 1362; x_wconf 89' lang='grc' dir='ltr'>ὁ</span> <span class='ocrx_word' id='word_1_175' title='bbox 780 1320 911 1370; x_wconf 89' lang='grc' dir='ltr'><em>αὐτὸς</em></span> <span class='ocrx_word' id='word_1_176' title='bbox 936 1322 1063 1373; x_wconf 87' lang='grc' dir='ltr'><em>λόγος</em></span> <span class='ocrx_word' id='word_1_177' title='bbox 1087 1320 1158 1363; x_wconf 83' lang='grc' dir='ltr'><em>καὶ</em></span> <span class='ocrx_word' id='word_1_178' title='bbox 1184 1320 1252 1363; x_wconf 78' lang='grc' dir='ltr'><em>ἐπὶ</em></span> <span class='ocrx_word' id='word_1_179' title='bbox 1278 1329 1365 1364; x_wconf 86' lang='grc' dir='ltr'><em>τῶν</em></span> <span class='ocrx_word' id='word_1_180' title='bbox 1390 1315 1482 1370; x_wconf 50' lang='grc' dir='ltr'><em>λοι-ἶ</em></span> 
     </span>
     <span class='ocr_line' id='line_1_29' title="bbox 152 1380 1487 1441; baseline 0.002 -16"><span class='ocrx_word' id='word_1_181' title='bbox 152 1391 248 1426; x_wconf 84' lang='grc' dir='ltr'><em>πῶν</em></span> <span class='ocrx_word' id='word_1_182' title='bbox 268 1383 580 1439; x_wconf 87' lang='grc' dir='ltr'><em>διαστημάτων.</em></span> <span class='ocrx_word' id='word_1_183' title='bbox 612 1384 805 1426; x_wconf 84' lang='grc' dir='ltr'><em>σύνθετα</em></span> <span class='ocrx_word' id='word_1_184' title='bbox 825 1382 872 1426; x_wconf 76' lang='grc' dir='ltr'><em>δὲ</em></span> <span class='ocrx_word' id='word_1_185' title='bbox 892 1385 942 1426; x_wconf 81' lang='grc' dir='ltr'><em>τὰ</em></span> <span class='ocrx_word' id='word_1_186' title='bbox 962 1385 1047 1427; x_wconf 84' lang='grc' dir='ltr'><em>ὑπὸ</em></span> <span class='ocrx_word' id='word_1_187' title='bbox 1067 1392 1154 1427; x_wconf 85' lang='grc' dir='ltr'><em>τῶν</em></span> <span class='ocrx_word' id='word_1_188' title='bbox 1173 1387 1229 1441; x_wconf 87' lang='grc' dir='ltr'><em>μὴ</em></span> <span class='ocrx_word' id='word_1_189' title='bbox 1250 1385 1357 1441; x_wconf 82' lang='grc' dir='ltr'><em>ἑξῆς,</em></span> <span class='ocrx_word' id='word_1_190' title='bbox 1382 1380 1487 1437; x_wconf 57' lang='grc' dir='ltr'><em>οἷονξῖ</em></span> 
     </span>
     <span class='ocr_line' id='line_1_30' title="bbox 152 1447 1494 1505; baseline 0.002 -15"><span class='ocrx_word' id='word_1_191' title='bbox 152 1447 283 1503; x_wconf 85' lang='grc' dir='ltr'><em>μέσης</em></span> <span class='ocrx_word' id='word_1_192' title='bbox 313 1447 384 1490; x_wconf 78' lang='grc' dir='ltr'><em>καὶ</em></span> <span class='ocrx_word' id='word_1_193' title='bbox 417 1448 680 1503; x_wconf 86' lang='grc' dir='ltr'><em>παρυπάτης,</em></span> <span class='ocrx_word' id='word_1_194' title='bbox 712 1447 843 1503; x_wconf 88' lang='grc' dir='ltr'><em>μέσης</em></span> <span class='ocrx_word' id='word_1_195' title='bbox 867 1450 938 1491; x_wconf 82' lang='grc' dir='ltr'><em>καὶ</em></span> <span class='ocrx_word' id='word_1_196' title='bbox 963 1450 1108 1504; x_wconf 87' lang='grc' dir='ltr'><em>νήτης,</em></span> <span class='ocrx_word' id='word_1_197' title='bbox 1138 1450 1384 1505; x_wconf 85' lang='grc' dir='ltr'><em>παραμέσης</em></span> <span class='ocrx_word' id='word_1_198' title='bbox 1407 1449 1494 1497; x_wconf 55' lang='grc' dir='ltr'><em>καλε1</em></span> 
     </span>
     <span class='ocr_line' id='line_1_31' title="bbox 152 1507 1494 1566; baseline 0.002 -12"><span class='ocrx_word' id='word_1_199' title='bbox 152 1512 327 1566; x_wconf 85' lang='grc' dir='ltr'><em>ὑπάτης.</em></span> <span class='ocrx_word' id='word_1_200' title='bbox 372 1514 462 1554; x_wconf 83' lang='grc' dir='ltr'><em>ἔστι</em></span> <span class='ocrx_word' id='word_1_201' title='bbox 500 1511 551 1554; x_wconf 89' lang='grc' dir='ltr'><em>δέ</em></span> <span class='ocrx_word' id='word_1_202' title='bbox 583 1527 679 1554; x_wconf 87' lang='grc' dir='ltr'><em>τινα</em></span> <span class='ocrx_word' id='word_1_203' title='bbox 713 1514 838 1555; x_wconf 77' lang='grc' dir='ltr'><em>κοινὰ</em></span> <span class='ocrx_word' id='word_1_204' title='bbox 872 1515 1091 1556; x_wconf 87' lang='grc' dir='ltr'><em>συνθέτου</em></span> <span class='ocrx_word' id='word_1_205' title='bbox 1125 1513 1196 1556; x_wconf 80' lang='grc' dir='ltr'><em>καὶ</em></span> <span class='ocrx_word' id='word_1_206' title='bbox 1231 1507 1494 1557; x_wconf 64' lang='grc' dir='ltr'><em>άσυνθέτούἒ</em></span> 
     </span>
     <span class='ocr_line' id='line_1_32' title="bbox 153 1571 1494 1638; baseline 0.002 -20"><span class='ocrx_word' id='word_1_207' title='bbox 153 1577 437 1631; x_wconf 82' lang='grc' dir='ltr'><em>διαστήματα,</em></span> <span class='ocrx_word' id='word_1_208' title='bbox 470 1577 522 1618; x_wconf 79' lang='grc' dir='ltr'><em>τὰ</em></span> <span class='ocrx_word' id='word_1_209' title='bbox 556 1576 639 1619; x_wconf 86' lang='grc' dir='ltr'><em>ἀπὸ</em></span> <span class='ocrx_word' id='word_1_210' title='bbox 671 1577 897 1632; x_wconf 82' lang='grc' dir='ltr'><em>ἡμιτονίου</em></span> <span class='ocrx_word' id='word_1_211' title='bbox 928 1577 1052 1633; x_wconf 89' lang='grc' dir='ltr'><em>μέχρι</em></span> <span class='ocrx_word' id='word_1_212' title='bbox 1084 1579 1272 1620; x_wconf 90' lang='grc' dir='ltr'><em>διτόνου.</em></span> <span class='ocrx_word' id='word_1_213' title='bbox 1320 1579 1368 1621; x_wconf 94' lang='grc' dir='ltr'><em>τὸ</em></span> <span class='ocrx_word' id='word_1_214' title='bbox 1398 1571 1494 1638; x_wconf 53' lang='grc' dir='ltr'><em>μὲν(</em></span> 
     </span>
     <span class='ocr_line' id='line_1_33' title="bbox 153 1638 1494 1704; baseline 0.001 -21"><span class='ocrx_word' id='word_1_215' title='bbox 153 1642 236 1696; x_wconf 83' lang='grc' dir='ltr'><em>γὰρ</em></span> <span class='ocrx_word' id='word_1_216' title='bbox 267 1642 495 1696; x_wconf 90' lang='grc' dir='ltr'><em>ἡμιτόνιόν</em></span> <span class='ocrx_word' id='word_1_217' title='bbox 526 1640 644 1683; x_wconf 83' lang='grc' dir='ltr'><em>ἐστιν</em></span> <span class='ocrx_word' id='word_1_218' title='bbox 670 1638 717 1682; x_wconf 80' lang='grc' dir='ltr'><em>ἐν</em></span> <span class='ocrx_word' id='word_1_219' title='bbox 742 1641 928 1698; x_wconf 81' lang='grc' dir='ltr'><em>ἁρμονίᾳ</em></span> <span class='ocrx_word' id='word_1_220' title='bbox 955 1642 1192 1696; x_wconf 87' lang='grc' dir='ltr'><em>σύνθετον,</em></span> <span class='ocrx_word' id='word_1_221' title='bbox 1224 1641 1272 1685; x_wconf 78' lang='grc' dir='ltr'><em>ἐν</em></span> <span class='ocrx_word' id='word_1_222' title='bbox 1297 1643 1345 1685; x_wconf 81' lang='grc' dir='ltr'><em>δὲ</em></span> <span class='ocrx_word' id='word_1_223' title='bbox 1370 1639 1494 1704; x_wconf 57' lang='grc' dir='ltr'><em>χρώ-ᾗ</em></span> 
     </span>
     <span class='ocr_line' id='line_1_34' title="bbox 153 1704 1479 1763; baseline 0.002 -17"><span class='ocrx_word' id='word_1_224' title='bbox 153 1720 252 1758; x_wconf 91' lang='grc' dir='ltr'><em>ματι</em></span> <span class='ocrx_word' id='word_1_225' title='bbox 284 1704 355 1747; x_wconf 80' lang='grc' dir='ltr'><em>καὶ</em></span> <span class='ocrx_word' id='word_1_226' title='bbox 388 1706 575 1762; x_wconf 81' lang='grc' dir='ltr'><em>διατόνῳ</em></span> <span class='ocrx_word' id='word_1_227' title='bbox 609 1705 871 1748; x_wconf 84' lang='grc' dir='ltr'><em>ἀσύνθετον·</em></span> <span class='ocrx_word' id='word_1_228' title='bbox 915 1705 937 1748; x_wconf 89' lang='grc' dir='ltr'>ὁ</span> <span class='ocrx_word' id='word_1_229' title='bbox 963 1707 1088 1756; x_wconf 89' lang='grc' dir='ltr'><em>τόνος</em></span> <span class='ocrx_word' id='word_1_230' title='bbox 1114 1706 1161 1749; x_wconf 85' lang='grc' dir='ltr'><em>ἐν</em></span> <span class='ocrx_word' id='word_1_231' title='bbox 1185 1705 1264 1762; x_wconf 79' lang='grc' dir='ltr'><em>μὲν</em></span> <span class='ocrx_word' id='word_1_232' title='bbox 1288 1708 1479 1763; x_wconf 73' lang='grc' dir='ltr'><em>χρώματι</em></span> 
     </span>
     <span class='ocr_line' id='line_1_35' title="bbox 154 1769 1479 1827; baseline 0.002 -16"><span class='ocrx_word' id='word_1_233' title='bbox 154 1770 382 1824; x_wconf 87' lang='grc' dir='ltr'><em>σύνθετος,</em></span> <span class='ocrx_word' id='word_1_234' title='bbox 417 1769 464 1812; x_wconf 82' lang='grc' dir='ltr'><em>ἐν</em></span> <span class='ocrx_word' id='word_1_235' title='bbox 499 1770 547 1811; x_wconf 78' lang='grc' dir='ltr'><em>δὲ</em></span> <span class='ocrx_word' id='word_1_236' title='bbox 581 1770 766 1827; x_wconf 80' lang='grc' dir='ltr'><em>διατόνῳ</em></span> <span class='ocrx_word' id='word_1_237' title='bbox 802 1770 1059 1820; x_wconf 82' lang='grc' dir='ltr'><em>ἀσύνθετος·</em></span> <span class='ocrx_word' id='word_1_238' title='bbox 1102 1771 1150 1812; x_wconf 92' lang='grc' dir='ltr'><em>τὸ</em></span> <span class='ocrx_word' id='word_1_239' title='bbox 1184 1773 1479 1826; x_wconf 86' lang='grc' dir='ltr'><em>τριημιτόνιον</em></span> 
     </span>
     <span class='ocr_line' id='line_1_36' title="bbox 153 1831 1479 1892; baseline 0.002 -17"><span class='ocrx_word' id='word_1_240' title='bbox 153 1832 200 1876; x_wconf 80' lang='grc' dir='ltr'><em>ἐν</em></span> <span class='ocrx_word' id='word_1_241' title='bbox 233 1831 314 1888; x_wconf 70' lang='grc' dir='ltr'><em>μὲν</em></span> <span class='ocrx_word' id='word_1_242' title='bbox 347 1834 537 1889; x_wconf 83' lang='grc' dir='ltr'><em>χρώματι</em></span> <span class='ocrx_word' id='word_1_243' title='bbox 572 1833 830 1887; x_wconf 78' lang='grc' dir='ltr'><em>ἀσύνθετον,</em></span> <span class='ocrx_word' id='word_1_244' title='bbox 865 1834 913 1876; x_wconf 85' lang='grc' dir='ltr'><em>ἐν</em></span> <span class='ocrx_word' id='word_1_245' title='bbox 945 1834 993 1876; x_wconf 77' lang='grc' dir='ltr'><em>δὲ</em></span> <span class='ocrx_word' id='word_1_246' title='bbox 1024 1835 1210 1892; x_wconf 80' lang='grc' dir='ltr'><em>διατόνῳ</em></span> <span class='ocrx_word' id='word_1_247' title='bbox 1242 1836 1479 1877; x_wconf 84' lang='grc' dir='ltr'><em>σύνθετον·</em></span> 
     </span>
     <span class='ocr_line' id='line_1_37' title="bbox 151 1896 1494 1954; baseline 0.001 -14"><span class='ocrx_word' id='word_1_248' title='bbox 151 1899 199 1940; x_wconf 92' lang='grc' dir='ltr'><em>τὸ</em></span> <span class='ocrx_word' id='word_1_249' title='bbox 232 1899 410 1940; x_wconf 90' lang='grc' dir='ltr'><em>δίτονον</em></span> <span class='ocrx_word' id='word_1_250' title='bbox 441 1898 488 1940; x_wconf 84' lang='grc' dir='ltr'><em>ἐν</em></span> <span class='ocrx_word' id='word_1_251' title='bbox 518 1899 599 1951; x_wconf 80' lang='grc' dir='ltr'><em>μὲν</em></span> <span class='ocrx_word' id='word_1_252' title='bbox 630 1898 815 1954; x_wconf 77' lang='grc' dir='ltr'><em>ἁρμονίᾳ</em></span> <span class='ocrx_word' id='word_1_253' title='bbox 846 1898 1112 1952; x_wconf 81' lang='grc' dir='ltr'><em>ἀσύνθετον,</em></span> <span class='ocrx_word' id='word_1_254' title='bbox 1145 1897 1192 1941; x_wconf 84' lang='grc' dir='ltr'><em>ἐν</em></span> <span class='ocrx_word' id='word_1_255' title='bbox 1217 1899 1264 1941; x_wconf 81' lang='grc' dir='ltr'><em>δὲ</em></span> <span class='ocrx_word' id='word_1_256' title='bbox 1289 1896 1494 1954; x_wconf 72' lang='grc' dir='ltr'><em>χρώματί</em></span> 
     </span>
     <span class='ocr_line' id='line_1_38' title="bbox 152 1960 1478 2019; baseline 0.002 -16"><span class='ocrx_word' id='word_1_257' title='bbox 152 1960 223 2004; x_wconf 86' lang='grc' dir='ltr'><em>καὶ</em></span> <span class='ocrx_word' id='word_1_258' title='bbox 262 1963 448 2019; x_wconf 88' lang='grc' dir='ltr'><em>διατόνῳ</em></span> <span class='ocrx_word' id='word_1_259' title='bbox 489 1963 716 2004; x_wconf 89' lang='grc' dir='ltr'><em>σύνθετον.</em></span> <span class='ocrx_word' id='word_1_260' title='bbox 766 1963 818 2004; x_wconf 78' lang='grc' dir='ltr'><em>τὰ</em></span> <span class='ocrx_word' id='word_1_261' title='bbox 855 1962 903 2004; x_wconf 84' lang='grc' dir='ltr'><em>δὲ</em></span> <span class='ocrx_word' id='word_1_262' title='bbox 940 1961 1098 2005; x_wconf 79' lang='grc' dir='ltr'><em>ἐλάττω</em></span> <span class='ocrx_word' id='word_1_263' title='bbox 1135 1968 1213 2005; x_wconf 88' lang='grc' dir='ltr'><em>τοῦ</em></span> <span class='ocrx_word' id='word_1_264' title='bbox 1251 1962 1478 2016; x_wconf 81' lang='grc' dir='ltr'><em>ἡμιτονίου</em></span> 
     </span>
    </p>
   </div>
   <div class='ocr_carea' id='block_1_8' title="bbox 151 2058 1480 2340">
    <p class='ocr_par' dir='ltr' id='par_1_8' title="bbox 151 2058 1480 2340">
     <span class='ocr_line' id='line_1_39' title="bbox 213 2058 1478 2118; baseline 0.001 -24"><span class='ocrx_word' id='word_1_265' title='bbox 213 2064 242 2094; x_wconf 91' lang='grc'><em>1.</em></span> <span class='ocrx_word' id='word_1_266' title='bbox 268 2058 431 2118; x_wconf 80' lang='grc' dir='ltr'><em>δίτονον]</em></span> <span class='ocrx_word' id='word_1_267' title='bbox 457 2058 631 2096; x_wconf 82' lang='grc' dir='ltr'><em>διάτονον</em></span> <span class='ocrx_word' id='word_1_268' title='bbox 649 2060 706 2095; x_wconf 94' lang='lat' dir='ltr'><em>W.</em></span> <span class='ocrx_word' id='word_1_269' title='bbox 750 2060 836 2095; x_wconf 72' lang='lat' dir='ltr'>Post</span> <span class='ocrx_word' id='word_1_270' title='bbox 861 2059 1007 2096; x_wconf 80' lang='grc' dir='ltr'><em>δίτονον</em></span> <span class='ocrx_word' id='word_1_271' title='bbox 1032 2060 1115 2095; x_wconf 81' lang='lat' dir='ltr'>add.</span> <span class='ocrx_word' id='word_1_272' title='bbox 1140 2060 1387 2105; x_wconf 81' lang='grc' dir='ltr'><em>τριημιτόνιον</em></span> <span class='ocrx_word' id='word_1_273' title='bbox 1412 2059 1478 2096; x_wconf 86' lang='lat' dir='ltr'><em>M⁴.</em></span> 
     </span>
     <span class='ocr_line' id='line_1_40' title="bbox 151 2104 1478 2152; baseline 0.001 -12"><span class='ocrx_word' id='word_1_274' title='bbox 151 2104 273 2150; x_wconf 79' lang='grc' dir='ltr'><em>τόνος]</em></span> <span class='ocrx_word' id='word_1_275' title='bbox 298 2105 404 2147; x_wconf 85' lang='grc' dir='ltr'><em>τόνος</em></span> <span class='ocrx_word' id='word_1_276' title='bbox 429 2107 492 2141; x_wconf 81' lang='grc' dir='ltr'><em>καὶ</em></span> <span class='ocrx_word' id='word_1_277' title='bbox 515 2106 622 2147; x_wconf 86' lang='grc' dir='ltr'><em>τόνος</em></span> <span class='ocrx_word' id='word_1_278' title='bbox 648 2121 711 2141; x_wconf 84' lang='grc' dir='ltr'><em>και</em></span> <span class='ocrx_word' id='word_1_279' title='bbox 735 2107 792 2142; x_wconf 93' lang='lat' dir='ltr'><em>W.</em></span> <span class='ocrx_word' id='word_1_280' title='bbox 842 2107 928 2142; x_wconf 70' lang='lat' dir='ltr'>Post</span> <span class='ocrx_word' id='word_1_281' title='bbox 952 2106 1142 2152; x_wconf 88' lang='grc' dir='ltr'><em>ἡμιτόνιον</em></span> <span class='ocrx_word' id='word_1_282' title='bbox 1167 2107 1250 2141; x_wconf 79' lang='lat' dir='ltr'>add.</span> <span class='ocrx_word' id='word_1_283' title='bbox 1276 2106 1389 2147; x_wconf 80' lang='grc' dir='ltr'><em>δίεσις</em></span> <span class='ocrx_word' id='word_1_284' title='bbox 1412 2106 1478 2143; x_wconf 83' lang='lat' dir='ltr'><em>M⁴.</em></span> 
     </span>
     <span class='ocr_line' id='line_1_41' title="bbox 153 2152 1478 2200; baseline 0.001 -13"><span class='ocrx_word' id='word_1_285' title='bbox 153 2157 183 2188; x_wconf 87' lang='lat'><em>2.</em></span> <span class='ocrx_word' id='word_1_286' title='bbox 210 2152 273 2188; x_wconf 82' lang='grc' dir='ltr'><em>διά</em></span> <span class='ocrx_word' id='word_1_287' title='bbox 297 2157 334 2198; x_wconf 87' lang='lat' dir='ltr'><em>(p</em></span> <span class='ocrx_word' id='word_1_288' title='bbox 337 2154 395 2199; x_wconf 85' lang='lat' dir='ltr'>r.)]</span> <span class='ocrx_word' id='word_1_289' title='bbox 414 2153 460 2188; x_wconf 82' lang='grc' dir='ltr'><em>τὰ</em></span> <span class='ocrx_word' id='word_1_290' title='bbox 485 2153 549 2188; x_wconf 87' lang='grc' dir='ltr'><em>διά</em></span> <span class='ocrx_word' id='word_1_291' title='bbox 569 2154 624 2188; x_wconf 94' lang='lat' dir='ltr'><em>W.</em></span> <span class='ocrx_word' id='word_1_292' title='bbox 692 2157 723 2188; x_wconf 88' lang='grc'><em>8.</em></span> <span class='ocrx_word' id='word_1_293' title='bbox 749 2153 885 2200; x_wconf 84' lang='grc' dir='ltr'><em>πάντα]</em></span> <span class='ocrx_word' id='word_1_294' title='bbox 905 2153 970 2198; x_wconf 77' lang='lat' dir='ltr'><em>M&#39;,</em></span> <span class='ocrx_word' id='word_1_295' title='bbox 995 2153 1100 2189; x_wconf 79' lang='grc' dir='ltr'><em>πέντε</em></span> <span class='ocrx_word' id='word_1_296' title='bbox 1119 2153 1173 2188; x_wconf 82' lang='grc' dir='ltr'><em>Μι</em></span> <span class='ocrx_word' id='word_1_297' title='bbox 1193 2153 1249 2188; x_wconf 91' lang='lat' dir='ltr'>W.</span> <span class='ocrx_word' id='word_1_298' title='bbox 1323 2157 1353 2188; x_wconf 85' lang='grc'><em>9.</em></span> <span class='ocrx_word' id='word_1_299' title='bbox 1379 2153 1478 2189; x_wconf 81' lang='grc' dir='ltr'><em>ἐλάτ-</em></span> 
     </span>
     <span class='ocr_line' id='line_1_42' title="bbox 151 2165 1479 2245; baseline 0.001 -11"><span class='ocrx_word' id='word_1_300' title='bbox 151 2201 212 2245; x_wconf 86' lang='grc' dir='ltr'><em>τω]</em></span> <span class='ocrx_word' id='word_1_301' title='bbox 238 2165 334 2242; x_wconf 73' lang='lat' dir='ltr'><em>NB,p</em></span> <span class='ocrx_word' id='word_1_302' title='bbox 340 2200 497 2235; x_wconf 77' lang='grc' dir='ltr'><em>ἐλάττων</em></span> <span class='ocrx_word' id='word_1_303' title='bbox 516 2200 563 2244; x_wconf 81' lang='grc' dir='ltr'><em>Μ,</em></span> <span class='ocrx_word' id='word_1_304' title='bbox 590 2199 763 2236; x_wconf 80' lang='grc' dir='ltr'><em>ἐλάττονα</em></span> <span class='ocrx_word' id='word_1_305' title='bbox 785 2200 839 2234; x_wconf 91' lang='lat' dir='ltr'>W.</span> <span class='ocrx_word' id='word_1_306' title='bbox 892 2204 944 2235; x_wconf 93' lang='lat'><em>10.</em></span> <span class='ocrx_word' id='word_1_307' title='bbox 969 2200 1056 2235; x_wconf 73' lang='lat' dir='ltr'>Post</span> <span class='ocrx_word' id='word_1_308' title='bbox 1072 2199 1179 2240; x_wconf 86' lang='grc' dir='ltr'><em>τόνος</em></span> <span class='ocrx_word' id='word_1_309' title='bbox 1197 2200 1279 2234; x_wconf 86' lang='lat' dir='ltr'>add.</span> <span class='ocrx_word' id='word_1_310' title='bbox 1299 2199 1479 2245; x_wconf 83' lang='grc' dir='ltr'><em>τριημιτό-</em></span> 
     </span>
     <span class='ocr_line' id='line_1_43' title="bbox 152 2245 1478 2291; baseline 0.001 -10"><span class='ocrx_word' id='word_1_311' title='bbox 152 2259 234 2281; x_wconf 85' lang='grc' dir='ltr'><em>νιον</em></span> <span class='ocrx_word' id='word_1_312' title='bbox 258 2246 321 2281; x_wconf 78' lang='lat' dir='ltr'><em>M‘.</em></span> <span class='ocrx_word' id='word_1_313' title='bbox 420 2251 473 2281; x_wconf 87' lang='grc'><em>13.</em></span> <span class='ocrx_word' id='word_1_314' title='bbox 501 2246 691 2290; x_wconf 81' lang='grc' dir='ltr'><em>διαφωνία</em></span> <span class='ocrx_word' id='word_1_315' title='bbox 717 2267 758 2273; x_wconf 88' lang='grc'>-</span> <span class='ocrx_word' id='word_1_316' title='bbox 785 2245 911 2291; x_wconf 79' lang='grc' dir='ltr'><em>ἀμιξία</em></span> <span class='ocrx_word' id='word_1_317' title='bbox 943 2246 1053 2289; x_wconf 71' lang='lat' dir='ltr'>Pena..</span> <span class='ocrx_word' id='word_1_318' title='bbox 1084 2246 1254 2290; x_wconf 86' lang='lat' dir='ltr'>Meibom,</span> <span class='ocrx_word' id='word_1_319' title='bbox 1282 2246 1376 2288; x_wconf 65' lang='lat' dir='ltr'><em>Jan„</em></span> <span class='ocrx_word' id='word_1_320' title='bbox 1408 2257 1478 2282; x_wconf 87' lang='lat' dir='ltr'><em>om.</em></span> 
     </span>
     <span class='ocr_line' id='line_1_44' title="bbox 152 2291 1480 2340; baseline 0.001 -13"><span class='ocrx_word' id='word_1_321' title='bbox 152 2293 254 2328; x_wconf 86' lang='lat' dir='ltr'>codd.</span> <span class='ocrx_word' id='word_1_322' title='bbox 342 2297 394 2328; x_wconf 83' lang='lat'><em>14.</em></span> <span class='ocrx_word' id='word_1_323' title='bbox 421 2293 507 2328; x_wconf 79' lang='grc' dir='ltr'><em>ὥστε</em></span> <span class='ocrx_word' id='word_1_324' title='bbox 534 2293 596 2339; x_wconf 77' lang='grc' dir='ltr'><em>μή]</em></span> <span class='ocrx_word' id='word_1_325' title='bbox 622 2293 668 2339; x_wconf 82' lang='grc' dir='ltr'><em>μὴ</em></span> <span class='ocrx_word' id='word_1_326' title='bbox 695 2292 783 2328; x_wconf 74' lang='grc' dir='ltr'><em>ὥστε</em></span> <span class='ocrx_word' id='word_1_327' title='bbox 807 2293 903 2328; x_wconf 88' lang='lat' dir='ltr'>MW.</span> <span class='ocrx_word' id='word_1_328' title='bbox 954 2294 1155 2340; x_wconf 82' lang='grc' dir='ltr'><em>κραθῆναι]</em></span> <span class='ocrx_word' id='word_1_329' title='bbox 1189 2291 1209 2337; x_wconf 87' lang='grc' dir='ltr'>ἢ</span> <span class='ocrx_word' id='word_1_330' title='bbox 1234 2295 1480 2339; x_wconf 69' lang='grc' dir='ltr'><em>καθαρθῆναι</em></span> 
     </span>
    </p>
   </div>
  </div>
 </body>
</html>
