1494 2450
173 86 256 128 130
711 85 950 121 APPENDIX

169 193 467 248 ἡμισφαίριον,
492 193 518 247 ἡ
544 191 664 248 ἑτέρα
689 194 736 234 τὸ
763 191 941 246 ἀφανές,
966 191 1037 234 καὶ
1057 192 1202 246 πάλιν,
1228 191 1276 234 ἐν
1295 186 1329 249 ᾧ
1349 195 1425 247 χρό

169 257 194 311 ἡ
220 260 296 312 μιά
324 258 372 299 τὸ
397 256 572 312 ἀφανές,
597 256 668 299 καὶ
692 257 718 311 ἡ
746 255 868 311 ἑτέρα
893 257 941 298 τὸ
968 258 1172 312 φανερόν.
1452 302 1456 309 J
1484 283 1486 286 >

227 319 336 363 ἔστω
368 321 523 376 ὁρίζων
547 322 704 371 κύκλος
729 321 752 363 ὁ
778 323 970 375 ΑΒΓΔ,
1002 321 1073 363 καὶ
1097 322 1273 375 θερινὸς
1296 321 1376 374 μὲν
1399 337 1422 363 τ
1470 330 1490 383 ζ’,

167 386 293 435 πικὸς
317 385 340 427 6
361 388 460 439 BA,
485 385 726 441 χειμερινὸς
751 386 799 428 δὲ
824 386 847 428 ὁ
869 389 964 440 ΓΔ,
991 386 1013 428 ὁ
1041 386 1245 442 ζῳδιακὸς
1269 383 1317 427 δὲ
1335 385 1415 427 κύκ
1486 411 1494 430 ι

123 462 142 491 5
168 449 296 491 θέσιν
322 448 448 504 ἐχέτω
476 450 533 499 ὡς
557 450 638 504 τὴν
656 452 698 491 Α
706 452 746 491 Ε
754 452 847 503 ΓΖ,
872 449 944 492 καὶ
969 449 1312 504 ἀπειλήφθωσαν
1338 453 1424 491 ἴσαι
1441 458 1490 494 w

100 781 142 811 10

97 1103 140 1132 15

96 1422 139 1453 20

94 2061 137 2092 30

167 512 238 555 καὶ
264 513 525 556 ἀπεναντίον
549 513 818 569 περιφέρειαι
844 515 888 556 αἱ
913 516 1019 568 ΕΗ,
1047 516 1151 555 ΖΘ·
1192 511 1314 568 λέγω,
1340 513 1418 568 ὅτι,
1441 509 1485 580 ψ

168 572 200 634 ᾧ
222 580 363 634 χρόνῳ
388 577 414 632 ἡ
443 581 526 620 ΖΘ
556 576 805 628 ἐξαλλάσσει
836 578 884 620 τὸ
912 578 1106 633 φανερὸν
1130 577 1434 632 ἡμισφαίριον,
1451 576 1484 635 ’.ἡ

167 644 255 683 ΕΗ
273 644 321 684 τὸ
347 641 521 697 ἀφανές.
1460 663 1475 685 22

225 703 419 748 ἔστωσαν
443 703 628 748 καθ’ὧν
653 705 829 761 φέρεται
854 707 905 748 τὰ
933 709 983 759 Θ,
1006 709 1054 758 Ζ,
1073 709 1123 759 Ε,
1139 707 1189 747 Η
1209 711 1362 760 σημεῖα
1383 714 1484 762 παρ’·-

168 771 345 824 ἀλληλοι
388 770 540 812 κύκλοι
578 771 619 812 οἱ
658 772 813 824 ΚΘΛ,
849 769 1070 824 ΜΝΞΖ,
1104 772 1305 822 ΕΟΠΡ,
1339 770 1474 811 ΣΗΤ

165 835 235 876 καὶ
269 836 621 888 μετακεκινήσθω
660 834 682 876 6
714 842 802 876 τῶν
833 835 998 891 ζῳδίων
1028 834 1186 883 κύκλος
1215 832 1285 875 καὶ
1318 833 1388 875 ὅτε
1411 795 1494 951 ui

166 897 296 940 θέσιν
321 897 448 953 ἐχέτω
475 899 555 952 τὴν
584 900 659 940 ΤΛ
671 901 728 951 Φ,
760 899 830 941 ὅτε
855 899 904 941 δὲ
927 899 1006 952 τὴν
1031 901 1120 939 ΧΣ
1132 901 1184 939 Ψ.
1233 896 1304 939 καὶ
1330 896 1422 939 ἐπεὶ

169 965 270 1017 ΖΘ,
290 965 388 1004 ΕΗ
404 962 675 1017 περιφέρειαι
703 966 789 1004 ἰσαι
815 978 860 1004 τε
886 962 954 1004 καὶ
975 961 1236 1004 ἀπεναντίον
1256 963 1379 1016 εἰσίν,
1404 954 1494 1017 &offis

166 1028 249 1069 εἰσὶ
280 1026 352 1069 καὶ
384 1028 424 1069 οἱ
450 1026 617 1081 ΜΝΞ,
645 1029 780 1069 ΟΠΡ
806 1030 973 1081 κύκλοι,
1006 1033 1093 1067 τῶν
1127 1023 1175 1067 δὲ
1207 1029 1313 1067 ἴσων
1344 1040 1390 1066 τε
1419 1015 1494 1088 κῇ

165 1092 455 1146 παραλλήλων
479 1092 653 1133 κύκλων
682 1093 734 1132 τὰ
759 1090 940 1141 ἐναλλὰξ
965 1093 1158 1145 τμήματα
1186 1094 1256 1131 ἶσα
1281 1089 1398 1131 ἐστὶν
1417 1087 1494 1146 ἀῖῥῑὲέ

166 1157 313 1209 λήλοις
326 1168 335 1177 ·
366 1156 415 1198 τὸ
442 1156 528 1210 ἄρα
552 1153 663 1210 ὑπὲρ
690 1161 772 1209 γῆν
790 1161 868 1196 τοῦ
888 1157 993 1196 ΜΝ
998 1154 1037 1202 Ξ
1043 1157 1077 1196 Ζ
1097 1155 1258 1196 κύκλου
1277 1153 1326 1195 τὸ
1346 1155 1402 1194 Μ
1404 1147 1494 1215 Nffl

167 1223 265 1261 ἴσον
298 1219 386 1261 ε’στὶ
421 1224 480 1276 τῷ
509 1219 595 1261 ὑπὸ
629 1225 712 1274 γῆν
743 1225 820 1261 τοῦ
856 1221 1035 1260 OEPH
1065 1219 1228 1260 κύκλου
1261 1221 1319 1275 τῷ
1348 1216 1494 1275 OHR3

163 1285 297 1325 πάλιν
328 1282 420 1325 ε’πεὶ
452 1284 496 1325 αἱ
524 1286 626 1335 ΖΘ,
651 1285 749 1324 ΕΗ
775 1287 863 1324 ἴσαι
894 1298 939 1325 τε
970 1281 1040 1324 καὶ
1072 1282 1333 1324 ἀπεναντίον
1363 1281 1494 1352 εἰσίξ]

165 1347 212 1389 έν
245 1343 279 1404 ᾧ
309 1349 451 1404 χρόνῳ
483 1347 509 1401 ἡ
543 1350 626 1388 ΖΘ
656 1342 894 1401 ἀνατέλλει,
932 1346 979 1389 ἐν
1008 1347 1147 1403 τούτῳ
1177 1346 1204 1400 ἡ
1235 1347 1329 1387 ΕΗ
1354 1345 1439 1387 δύν
1461 1344 1485 1365 ”’

164 1410 266 1454 ἀλλ’
290 1411 313 1453 6
338 1411 418 1466 μὲν
443 1412 617 1466 χρόνος,
650 1411 697 1453 ἐν
723 1405 757 1467 ᾦ
781 1411 807 1465 ὴ
835 1414 918 1452 ΖΘ
942 1410 1185 1463 ἀνατέλλει,
1215 1407 1438 1452 τουτέστιν

169 1478 263 1528 ΤΛ,
290 1475 313 1518 6
344 1477 501 1530 χρόνος
526 1473 658 1529 ἐστίν,
687 1475 734 1516 ἐν
758 1470 792 1532 ᾧ
811 1475 859 1517 τὸ
884 1478 922 1516 Τ
943 1481 1121 1528 σημεῖον
1146 1473 1386 1529 ἀρξάμενον
1404 1472 1430 1514 ἀ

164 1546 242 1581 τοῦ
266 1543 304 1580 Τ
323 1540 403 1594 τὴν
426 1538 506 1587 ΤΞ
526 1537 806 1594 περιφέρειαν
828 1539 1008 1580 διελθὸν
1028 1536 1096 1580 ε’πὶ
1115 1538 1163 1579 τὸ
1182 1536 1221 1584 Ξ
1235 1538 1452 1592 παραγίγν
1482 1570 1487 1581 ,

164 1620 252 1657 ται,
284 1603 306 1645 ὁ
340 1601 386 1645 δὲ
411 1605 586 1659 χρόνος,
618 1603 665 1645 ἐν
690 1597 768 1660 ᾧὴ
795 1604 892 1644 ΕΗ
910 1602 1054 1655 δύνει,
1086 1601 1308 1644 τουτέστιν
1332 1601 1359 1655 ἡ
1385 1600 1485 1659 X&

164 1667 186 1709 6
218 1670 374 1723 χρόνος
405 1666 543 1721 ἐστίν,
575 1667 624 1710 ἐν
654 1662 687 1724 93
719 1667 767 1708 τὸ
795 1669 838 1708 Χ
863 1665 1103 1722 ἀρξάμενον
1135 1665 1218 1707 ἀπὸ
1242 1671 1322 1707 τοῦ
1347 1667 1385 1707 Χ
1409 1658 1494 1724 τὴᾷς

94 1741 114 1771 2
166 1735 249 1773 XO
274 1730 555 1787 περιφέρειαν
580 1732 761 1774 διελθὸν
788 1729 855 1772 ἐπὶ
880 1731 929 1773 τὸ
951 1733 988 1772 Ο
1006 1730 1331 1784 παραγίγνεται’
1364 1728 1386 1770 ὁ
1406 1727 1494 1782 ἄρόεέ

162 1797 333 1851 χρόνος,
359 1795 406 1838 ἐν
431 1790 465 1852 ᾦ
490 1796 538 1838 τὸ
569 1799 606 1836 Τ
627 1794 867 1850 ἀρξάμενον
891 1794 974 1836 ἀπὸ
1000 1800 1078 1836 τοῦ
1111 1797 1148 1835 Y
1168 1794 1247 1848 τὴν
1270 1792 1350 1839 ΥΞ
1370 1804 1486 1847 περιζτ

163 1859 342 1915 φέρειαν
372 1860 555 1902 διελθὸν
585 1858 654 1901 ἐπὶ
684 1859 733 1901 τὸ
759 1858 798 1906 Ξ
828 1860 1157 1913 παραγίγνεται,
1190 1861 1282 1906 ἴσος
1313 1855 1403 1898 ἐστὶ
1427 1857 1486 1913 τῷ

162 1925 318 1981 χρόνῳ,
350 1923 398 1966 ἐν
423 1918 457 1981 ᾧ
482 1924 530 1965 τὸ
555 1926 599 1966 Χ
619 1922 860 1978 ἀρξάμενον
885 1922 968 1964 ἀπὸ
992 1927 1071 1964 τοῦ
1097 1924 1140 1962 Χ
1158 1922 1237 1976 τὴν
1262 1923 1346 1962 XO
1369 1934 1448 1975 περ
1471 1939 1477 1970 j.

163 1987 344 2042 φέρειαν
371 1988 553 2030 διελθὸν
578 1986 647 2029 ἐπὶ
673 1987 720 2028 τὸ
749 1990 786 2029 Ο
810 1987 1130 2042 παραγίγνεται.
1178 1985 1324 2034 κοινὸς
1354 1998 1438 2039 προ

162 2054 326 2094 κείσθω
353 2051 375 2093 ὁ
402 2053 570 2107 χρόνος,
599 2050 647 2093 ἐν
673 2045 707 2108 ᾦ
731 2051 779 2093 τὸ
811 2054 848 2092 Y
869 2050 1110 2105 ἀρξάμενον
1135 2049 1218 2091 ἀπὸ
1243 2055 1321 2090 τοῦ
1347 2047 1386 2096 Ξ
1407 2048 1458 2102 τὴ

164 2116 203 2161 Ξ
208 2119 255 2157 Ν
259 2117 316 2157 Μ
327 2114 609 2171 περιφέρειαν
629 2115 810 2156 διελθὸν
828 2113 897 2156 ἐπὶ
917 2114 963 2156 τὸ
983 2116 1040 2156 Μ
1051 2114 1375 2169 παραγίγνεται,
1397 2115 1464 2154 ῐσο
1479 2120 1494 2169 ss

162 2178 224 2221 ὢν
243 2184 302 2236 τῷ
322 2181 478 2236 χρόνῳ,
498 2178 547 2221 ἐν
566 2174 600 2237 ᾧ
614 2180 661 2221 τὸ
683 2181 727 2220 Χ
740 2179 981 2233 ἀρξάμενον
999 2177 1082 2219 ἀπὸ
1101 2182 1180 2218 τοῦ
1202 2179 1239 2218 0
1257 2177 1336 2230 τὴν
1357 2178 1450 2217 ΟΠ
1468 2220 1482 2239 ⁷⁶

161 2243 441 2299 περιφέρειαν
465 2244 648 2286 διελθὸν
673 2241 740 2285 ἐπὶ
766 2243 813 2284 τὸ
834 2245 872 2283 Ρ
885 2243 1215 2298 παραγίγνεται·
1248 2240 1271 2282 ὁ
1291 2241 1374 2294 ἄρα
1392 2254 1443 2294 χρ

162 2323 251 2361 νος,
278 2307 325 2350 ἐν
349 2301 383 2364 ᾧ
403 2308 450 2349 τὸ
475 2310 513 2348 Υ
533 2306 774 2362 ἀρξάμενον
799 2306 882 2349 ἀπὸ
907 2311 986 2348 τοῦ
1011 2308 1049 2346 Τ
1062 2306 1141 2359 τὴν
1164 2303 1297 2351 ΥΞΝ
1303 2305 1356 2345 Μ
1368 2317 1447 2358 περ
1465 2302 1489 2362 ,3

1487 2386 1490 2405 Ι
