1494 2450
51 842 92 872 10

47 1162 90 1194 15

43 1481 87 1512 20

41 1801 84 1832 25

37 2121 82 2151 30

123 71 180 112 34
632 74 929 109 ΦΑΙΝΟΜΕΝΑ

123 193 246 233 ρειαν
277 178 458 220 διελθὸν
489 177 559 220 ἐπὶ
588 179 636 220 τὸ
666 181 700 219 Ζ
730 179 948 235 παρέσται.
998 181 1104 223 ἀλλὰ
1131 182 1178 223 τὸ
1204 180 1285 236 μὲν
1312 186 1346 224 Ζ
1371 186 1448 239 τὴν

125 245 200 283 ΖΕ
223 243 406 284 διελθὸν
429 243 501 284 καὶ
527 241 595 284 ἐπὶ
620 243 668 284 τὸ
687 246 729 284 Ε
744 246 1096 299 παραγενόμενον
1116 246 1251 300 δύνει,
1275 247 1323 289 τὸ
1343 247 1392 290 δὲ
1410 251 1450 290 Ε

122 307 201 359 τὴν
226 307 347 347 ΕΔΖ
373 307 554 348 διελθὸν
578 307 649 348 καὶ
675 306 742 348 ἐπὶ
767 308 815 349 τὸ
839 310 874 348 Ζ
897 310 1249 364 παραγενόμενον
1274 310 1447 354 ἀνατέλ-

123 373 202 411 λει·
252 376 330 411 τοῦ
365 373 399 411 Ζ
430 371 512 425 ἄρα
543 371 755 420 δύνοντος
784 372 832 413 τὸ
857 375 898 413 Ε
928 372 1160 415 ἀνατέλλει.
1209 373 1364 428 ὁμοίως
1394 376 1446 430 δὴ

124 432 335 488 δείξομεν,
355 434 419 475 ὅτι
438 434 510 475 καὶ
530 440 608 476 τοῦ
626 437 661 475 Ζ
681 434 990 486 ἀνατέλλοντος
1008 437 1056 478 τὸ
1071 440 1112 478 Ε
1129 437 1261 479 δύνει.
1292 437 1448 493 ὁμοίως

121 495 168 538 δὲ
198 498 269 539 καὶ
300 497 441 540 πάντα
471 499 523 539 τὰ
555 497 622 540 ἐπὶ
653 504 731 539 τοῦ
764 500 975 556 ζῳδιακοῦ
1005 501 1169 543 κύκλου
1195 502 1346 557 ἄστρα,
1376 502 1446 546 καὶ

120 562 172 603 τὰ
209 559 277 603 ἐπὶ
316 567 393 603 τοῦ
433 563 684 617 ἰσημερινοῦ
721 563 774 604 τὰ
806 564 913 605 κατὰ
946 565 1177 621 διάμετρον
1207 567 1312 608 ὄντα
1341 568 1446 609 κατὰ

120 627 331 679 συζυγίαν
355 625 577 668 ἀνατέλλει
603 641 649 668 τε
674 627 744 668 καὶ
770 627 903 669 δύνει.

763 753 807 806 ζ.

171 833 215 877 ‘0
234 843 322 877 τῶν
348 836 511 892 ζῳδίων
535 836 694 885 κύκλος
718 836 824 878 κατὰ
849 837 988 895 πάντα
1012 838 1088 879 τὸν
1107 839 1243 880 τόπον
1261 846 1339 881 τοῦ
1359 840 1444 895 ὁρί-

119 902 265 950 ζοντος
295 900 374 941 τὸν
405 898 561 954 μεταξὺ
592 906 681 942 τῶν
711 907 928 955 τροπικῶν
958 901 1129 944 κύκλων
1154 902 1375 946 ἀνατέλλει
1399 920 1445 946 τε

117 963 188 1005 καὶ
213 963 351 1018 δύνει,
377 963 482 1005 ὅταν
508 963 530 1005 6
555 962 755 1017 μέγιστος
778 971 866 1006 τῶν
891 963 957 1006 ἀεὶ
983 973 1186 1022 φανερῶν
1209 968 1267 1022 μὴ
1291 969 1444 1022 μείζων

115 1025 141 1081 ἦ
172 1033 251 1069 τοῦ
283 1033 492 1082 τροπικοῦ
523 1028 700 1082 κύκλου,
736 1026 808 1069 καὶ
833 1034 993 1083 τροπᾶς
1022 1038 1206 1073 ποιεῖται
1239 1031 1443 1082 ἐναντίως

115 1091 441 1146 μεθιστάμενος.
491 1092 595 1134 ὅταν
619 1091 698 1144 μὲν
723 1093 805 1147 γὰρ
837 1098 930 1142 ταῖς
955 1093 1184 1144 ἀνατολαῖς
1214 1096 1322 1150 πρὸς
1344 1108 1443 1150 μεσ-

118 1157 306 1211 ημβρίαν
335 1157 611 1210 μεθίστηται,
647 1162 742 1206 ταῖς
779 1157 931 1198 δύσεσι
969 1158 1077 1212 πρὸς
1113 1158 1297 1212 ἄρκτους
1331 1165 1440 1214 μεθ-

116 1219 343 1272 ιστάμενος
362 1221 578 1273 φαίνεται·
606 1220 711 1262 ὅταν
729 1218 778 1262 δὲ
790 1227 883 1270 ταῖς
896 1220 1126 1272 ἀνατολαῖς
1137 1223 1246 1276 πρὸς
1258 1224 1442 1277 ἄρκτους

113 1285 385 1338 μεθίστηται,
410 1290 502 1333 ταῖς
527 1284 679 1326 δύσεσι
703 1284 812 1339 πρὸς
835 1287 1105 1340 μεσημβρίαν
1124 1288 1439 1341 μεθιστάμενος

113 1349 325 1401 φαίνεται.
356 1346 427 1389 καὶ
452 1347 604 1390 ἀλλοτε
629 1349 774 1403 ἄλλως>
794 1349 903 1403 ὕπερ
930 1349 1039 1403 ἡμᾶς
1063 1350 1242 1393 ἵσταται.

172 1409 279 1453 ἔστω
306 1411 354 1453 ἐν
378 1413 525 1468 κόσμῳ
551 1411 705 1467 ὁρίζων
731 1412 753 1454 6
780 1415 919 1454 ΑΒΓ
943 1413 1014 1455 καὶ
1037 1415 1216 1470 θερινὸς
1239 1416 1320 1470 μὲν
1343 1432 1439 1470 τρο-

113 1475 236 1524 πικὸς
262 1475 284 1516 6
312 1479 415 1529 ΑΔ,
448 1477 688 1530 χειμερινὸς
719 1476 767 1518 δὲ
793 1476 815 1519 6
842 1479 937 1531 ΒΓ,
968 1477 991 1519 6
1017 1477 1066 1519 δὲ
1091 1479 1258 1535 ζῳδίων
1281 1481 1439 1530 κύκλος

111 1537 240 1580 θέσιν
271 1538 398 1594 ἐχέτω
430 1540 510 1594 τὴν
534 1542 676 1593 ΔΕΒ,
713 1541 783 1582 καὶ
813 1538 920 1582 ἔστω
952 1541 1000 1582 τὸ
1031 1541 1110 1595 μὲν
1135 1545 1267 1584 ΔΕΒ
1298 1549 1438 1598 τμῆμα

111 1603 195 1644 ὑπὸ
216 1608 313 1656 γῆν,
338 1603 386 1645 τὸ
411 1601 459 1645 δὲ
478 1606 611 1645 ΔΖΒ
630 1604 739 1659 ὑπὲρ
759 1611 857 1659 γῆν·
890 1603 1014 1658 λέγω,
1040 1605 1106 1647 ὅτι
1126 1605 1148 1647 6
1167 1613 1255 1648 τῶν
1274 1608 1438 1664 ζῳδίων

110 1667 268 1716 κύκλος
293 1667 401 1709 κατὰ
425 1668 565 1709 πάντα
589 1668 667 1710 τὸν
692 1669 827 1710 τόπον
851 1674 929 1710 τοῦ
949 1669 1166 1723 ὁρίζοντος
1185 1671 1262 1712 τὸν
1280 1670 1436 1725 μεταξὺ

111 1737 198 1772 τῶν
222 1738 442 1785 τροπικῶν
467 1730 690 1774 ἀνατέλλει
713 1747 759 1774 τε
783 1731 855 1774 καὶ
882 1733 1005 1774 δύνει
1029 1732 1099 1775 καὶ
1125 1735 1285 1789 τροπὰς
1302 1743 1435 1778 ποιεῖ-

110 1809 180 1835 ται
213 1793 420 1845 ἐναντίως
450 1797 776 1849 μεθιστάμενος.
826 1796 931 1838 ὅταν
955 1794 1035 1850 μὲν
1059 1798 1140 1851 γὰρ
1166 1805 1258 1848 ταῖς
1284 1798 1434 1842 ἀνατο-

110 1862 204 1907 λαῖς
245 1859 352 1914 πρὸς
394 1861 662 1914 μεσημβρίαν
699 1862 968 1915 μεθίστηται,
1011 1868 1104 1910 ταῖς
1140 1862 1291 1904 δύσεσι
1328 1864 1436 1918 πρὸς

109 1922 292 1976 ἄρκτους
315 1924 630 1978 μεθιστάμενος
655 1925 872 1978 φαίνεται·
905 1925 1008 1966 ὅταν
1028 1922 1075 1966 δὲ
1094 1932 1187 1975 ταῖς
1206 1925 1434 1977 ἀνατολαῖς

108 1986 216 2041 πρὸς
241 1986 425 2041 ἄρκτους
449 1989 717 2042 μεθίστηται,
742 1995 836 2038 ταῖς
861 1984 1012 2030 δύσεσι
1036 1989 1146 2043 πρὸς
1163 1991 1433 2045 μεσημβρίαν

107 2049 424 2104 μεθιστάμενος
461 2052 670 2105 φαίνεται.
719 2050 791 2094 καὶ
827 2052 978 2094 ἄλλοτε
1015 2052 1154 2102 ἄλλως
1183 2051 1293 2109 ὑπὲρ
1325 2054 1432 2109 ἡμᾶς

107 2112 285 2155 ἵσταται.

107 2255 140 2285 Δ
165 2250 235 2286 del.
260 2263 307 2286 m.
335 2256 364 2287 1.
462 2256 492 2287 6.
520 2252 577 2299 δέ]
603 2253 649 2297 δή
674 2254 754 2289 Vat.
851 2256 882 2289 8.
908 2253 960 2299 τέ]
987 2264 1056 2289 om.
1081 2254 1125 2290 V·
1179 2253 1259 2299 Seq.
1286 2254 1323 2289 in
1347 2255 1428 2290 Vnt.

106 2297 302 2334 demonstr.
329 2298 458 2342 altera,
490 2311 521 2334 v.
548 2309 632 2344 app.
730 2303 761 2334 9.
786 2299 830 2346 ζ]
857 2299 890 2345 η’
916 2299 960 2335 v‘.
1064 2303 1116 2336 10.
1141 2299 1222 2347 τόν]
1249 2311 1319 2336 om.
1346 2301 1428 2337 Vnt.
