1494 2450
98 790 141 821 10

97 1110 139 1142 15

97 1477 140 1508 20

97 1796 141 1827 25

98 2116 142 2148 30

165 91 249 133 180
543 93 823 127 KATATOMH
844 92 1102 127 ΚΛΝΟΝΟΣ

163 206 254 241 σῶν
271 199 343 240 καὶ
362 196 482 241 ἔσται
501 198 523 240 6
543 201 625 240 BA
643 198 761 253 μέση.
786 199 918 241 πάλιν
936 198 1027 241 ἐπεὶ
1045 199 1350 252 τετραπλάσιός
1368 196 1480 245 ἐστὲ)

163 262 186 305 6
202 266 283 304 AB
302 265 474 317 τοῦΕΒ,
500 261 618 305 ἔσται
639 263 661 305 6
680 266 758 304 ΕΒ
777 265 882 317 νήτη
902 262 1212 318 ὑπερβολαίων.
1243 261 1391 318 ἔτεμον
1408 263 1479 313 τῶν

165 328 240 368 ΓΒ
266 328 364 382 δι’χα
389 328 496 369 κατὰ
520 328 568 369 τὸ
591 330 637 378 Ζ.
669 328 739 368 καὶ
765 329 885 369 ἔσται
908 328 1133 376 διπλάσιος
1158 326 1180 369 6
1202 328 1276 368 ΓΒ
1299 333 1375 369 τοῦ
1396 317 1478 383 ZJ,

164 392 273 433 ὥστε
297 398 553 446 συμφωνεῖν
577 392 653 433 τὸν
675 393 747 432 ΓΒ
772 391 881 445 πρὸς
899 391 975 432 τὸν
997 394 1070 432 ΖΒ
1091 391 1162 432 διὰ
1182 398 1348 433 πασῶν·
1378 391 1479 443 ὥστε

166 451 277 497 εἶναι
295 454 374 497 τὸν
395 459 468 497 ΖΒ
488 458 624 510 νήτην
644 453 940 509 συνημμένων.
972 454 1189 508 ἀπέλαβον
1207 461 1285 496 τοῦ
1300 458 1379 496 ΔΒ
1397 452 1480 510 τρῖ-

164 534 243 561 τον
261 518 390 574 μέρος
407 520 455 561 τὸ
470 522 569 561 ΛΗ.
594 518 665 561 καὶ
685 516 804 561 ἔσται
823 518 1018 573 ἡμιόλιος
1037 518 1059 560 6
1076 521 1154 560 AB
1174 524 1251 561 τοῦ
1265 521 1362 573 ΗΒ,
1380 519 1482 562 ὥστε

167 585 449 638 συμφωνήσει
475 583 497 625 6
517 586 597 625 AB
623 584 731 639 πρὸς
755 583 833 625 τὸν
853 585 934 624 ΗΒ
955 581 1002 624 ἐν
1021 588 1078 640 τῷ
1099 583 1172 624 διὰ
1189 582 1331 624 πέντε·
1362 582 1384 625 6
1403 582 1482 637 ἄρα

164 650 248 689 ΗΒ
262 649 368 701 νήτη
381 650 499 690 ἔσται
513 646 833 702 διεζευγμένων.
859 645 996 701 ἔθηκα
1014 653 1072 704 τῷ
1084 649 1164 688 ΗΒ
1185 651 1282 689 ἴσον
1300 648 1375 689 τὸν
1388 649 1481 702 ΗΘ,

166 712 275 754 ὥστε
289 711 311 754 6
329 714 404 753 ΘΒ
424 712 532 767 πρὸς
551 710 627 754 τὸν
639 714 722 753 ΗΒ
744 713 1022 765 συμφωνήσει
1041 712 1113 752 διὰ
1125 718 1288 765 πασῶν,
1308 711 1364 760 ὡς
1377 707 1494 753 εἶναι

166 774 245 817 τὸν
267 778 342 817 ΘΒ
367 775 537 830 ὑπάτην
561 774 715 830 μέσων.
747 777 905 828 ἔλαβον
929 781 1006 817 τοῦ
1029 778 1104 817 ΘΒ
1130 777 1276 830 τρίτον
1294 773 1420 830 μέρος
1436 772 1494 834 τδρ

169 842 260 882 ΘΚ.
285 839 356 881 καὶ
377 838 495 882 ἔσται
514 839 710 894 ἡμιόλιος
729 838 751 880 6
768 842 842 880 ΘΒ
862 845 939 881 τοῦ
954 841 1047 892 ΚΒ,
1068 839 1174 881 ὥστε
1195 835 1307 880 εἶναι
1320 837 1396 881 τὸν
1407 835 1494 881 KB}

165 903 427 958 παράμεσον.
458 903 675 957 ἀπέλαβον
694 909 752 959 τῷ
766 905 846 945 ΚΒ
868 907 964 944 ἴσον
983 902 1060 945 τὸν
1075 905 1161 944 ΛΚ
1176 902 1247 944 καὶ
1265 889 1494 958 γενήσεταιῗ

166 966 188 1009 6
215 970 293 1009 AB
318 967 457 1022 ὑπάτη
483 970 647 1023 βαρεῖα.
684 965 858 1009 ἔσονται
883 968 966 1021 ἄρα
992 967 1237 1022 εἰλημμένοι
1264 966 1311 1009 ἐν
1334 972 1391 1024 τῷ
1414 969 1493 1011 κει-ἑ

164 1033 263 1074 νόνι
275 1033 433 1082 πάντες
447 1033 486 1075 οὶ
502 1031 734 1086 <ἑστῶτες>
750 1033 942 1086 φθόγγοι
955 1037 1033 1073 τοῦ
1054 1031 1320 1086 ἀμεταβόλου
1334 1022 1494 1086 συστή-ξ

164 1111 306 1150 ματος.

795 1187 848 1233 κ’.
1490 1154 1494 1191 *¹

225 1270 395 1314 Λοιπὸν
420 1272 473 1326 δὴ
499 1274 601 1321 τοὺς
626 1270 895 1327 φερομένους
920 1266 1079 1324 λαβεῖν.

223 1333 376 1390 ἔτεμον
405 1334 483 1378 τὸν
507 1339 585 1377 ΕΒ
617 1338 678 1384 εἰς
699 1335 819 1377 ’ὀκτὼ
850 1335 920 1376 καὶ
953 1333 1017 1376 ἑνὶ
1049 1335 1192 1376 αὐτῶν
1227 1338 1323 1376 ἴσον
1353 1332 1489 1388 ἔθηκαι

165 1397 244 1442 τὸν
261 1403 365 1454 ΕΜ,
390 1399 498 1441 ὥστε
523 1398 601 1442 τὸν
621 1399 708 1442 ΜΒ
733 1405 812 1441 τοῦ
831 1402 906 1440 ΕΒ
933 1398 1139 1453 γενέσθαι
1165 1397 1388 1451 ἐπόγδοον.
1418 1394 1489 1453 καὶ,

165 1464 297 1506 πάλιν
329 1464 485 1506 διελὼν
514 1462 592 1506 τὸν
619 1466 704 1505 ΜΒ
736 1464 797 1513 εἰς
828 1462 937 1505 ὀκτὼ
970 1462 1035 1505 ἑνὶ
1061 1463 1205 1505 αὐτῶν
1230 1466 1328 1504 ἴσον
1352 1460 1491 1516 ἔθηκ-

166 1526 243 1570 τὸν
261 1530 372 1569 ΝΜ·
399 1529 511 1584 τόνῳ
532 1528 614 1583 ἄρα
633 1528 871 1582 βαρύτερος
890 1525 1008 1568 ἔσται
1028 1526 1050 1567 ὁ
1071 1529 1154 1568 ΝΒ
1173 1532 1250 1568 τοῦ
1270 1528 1373 1580 ΒΜ,
1398 1525 1421 1567 ὁ
1441 1524 1491 1567 01¹

166 1594 256 1633 ΜΒ
275 1597 353 1633 τοῦ
374 1595 463 1646 ΒΕ,
490 1592 599 1634 ὥστε
624 1594 743 1633 ἔσται
769 1589 849 1646 μὲν
874 1590 896 1632 6
923 1594 1006 1633 ΝΒ
1031 1591 1152 1644 τρίτη
1177 1590 1490 1644 ὑπερβολαίων

167 1655 189 1697 6
217 1656 265 1697 δὲ·
286 1658 373 1697 ΜΒ
398 1655 701 1711 ὑπερβολαίων
727 1655 937 1704 διάτονος.
968 1653 1127 1708 ἔλαβον
1145 1659 1223 1696 τοῦ
1243 1656 1324 1695 ΝΒ
1343 1634 1490 1708 τρίτο,

166 1719 296 1774 μέρος
314 1718 385 1761 καὶ
405 1722 543 1774 ἔθηκα
562 1718 638 1761 τὸν
658 1718 751 1773 ΝΞ,
773 1720 880 1761 ὥστε
899 1717 975 1760 τὸν
989 1718 1063 1766 ΞΒ
1082 1724 1160 1760 τοῦ
1174 1721 1257 1759 ΝΒ
1277 1713 1387 1759 εἶναι
1401 1715 1452 1760 ἐπ
1485 1722 1489 1776 ξ

167 1799 316 1839 τριτον
345 1783 416 1826 καὶ
448 1784 520 1826 διὰ
550 1785 771 1838 τεσσάρων
797 1789 1050 1838 συμφωνεῖν
1075 1781 1140 1824 ἐπὶ
1169 1782 1247 1836 τὴν
1271 1781 1475 1836 βαρύτητ

166 1846 237 1889 καὶ
257 1847 464 1902 γενέσθαι
483 1846 560 1890 τὸν
574 1848 648 1895 ΞΒ
667 1848 817 1901 τρίτην
831 1845 1151 1900 διεζευγμένων.
1177 1845 1310 1887 πάλιν
1323 1851 1400 1887 τοῦ
1413 1842 1452 1892 Ξ
1467 1841 1487 1892 ἐξ

169 1911 314 1965 λαβὼν
339 1913 470 1965 ἥμισυ
496 1911 633 1967 μέρος
649 1913 787 1965 ἔθηκα
811 1909 888 1952 τὸν
907 1910 996 1964 ΞΟ,
1022 1910 1129 1952 ὥστε
1149 1910 1221 1951 διὰ
1239 1909 1366 1951 πέντε
1385 1920 1438 1950 συ
1483 1912 1486 1965 J

168 1982 334 2030 φωνεῖν
352 1974 429 2017 τὸν
450 1979 525 2017 ΟΒ
544 1974 652 2029 πρὸς
671 1974 747 2016 τὸν
766 1975 858 2023 ΞΒ·
883 1974 906 2016 6
926 1975 1009 2028 ἄρα
1030 1977 1105 2015 ΟΒ
1125 1975 1242 2015 ἔσται
1261 1970 1459 2027 παρυπέ-
1483 1975 1486 2005 ⁸

166 2038 322 2093 μέσων.
360 2038 430 2081 καὶ.
455 2045 514 2096 τῷ
541 2039 617 2087 ΞΟ
642 2039 739 2081 ἴσον
765 2041 900 2093 ἔθηκα
925 2037 1002 2080 τὸν
1030 2041 1125 2091 ΟΠ,
1151 2038 1259 2079 ὥστε
1285 2036 1456 2090 γενέσθ
1483 2040 1484 2043 ’

167 2101 246 2145 τὸν
261 2106 343 2144 ΠΒ
361 2104 620 2158 παρυπάτην
639 2103 826 2145 ὑπάτων.
853 2105 1010 2156 έλαβον
1029 2103 1082 2156 δὴ
1102 2108 1180 2144 τοῦ
1194 2103 1275 2143 ΒΓ
1288 2101 1483 2156 τέταρτι-’

166 2166 296 2221 μέρος
320 2166 398 2209 τὸν
426 2170 513 2221 ΓΡ,
539 2168 647 2209 ὥστε
679 2166 884 2220 γενέσθαι
909 2165 987 2208 τὸν
1011 2168 1082 2207 ΡΒ
1107 2165 1250 2220 μέσων
1275 2165 1448 2207 διάτονο
1481 2164 1483 2192 5

226 2285 256 2316 2.
283 2282 424 2328 ἔτεμον]
451 2282 534 2317 add.
561 2281 630 2327 γάρ
656 2281 719 2316 M⁶.
782 2285 825 2335 ·8.
851 2284 923 2316 ΗΒ
950 2281 1046 2327 (pr.)]
1073 2279 1091 2315 6
1110 2282 1181 2334 11(ss
1207 2280 1272 2333 Mf.
1331 2283 1399 2334 ⁸10.
1424 2284 1482 2340 J

167 2328 225 2371 W,
244 2328 309 2363 τόν
328 2328 395 2363 M¹.
470 2332 523 2364 14.
544 2328 703 2374 ἑστῶτες]
723 2328 877 2373 BoJesen
898 2328 964 2373 (De
983 2327 1192 2362 harmomca
1209 2327 1364 2361 §mentm
1377 2325 1439 2360 Gr
1478 2351 1481 2387 ‚¹
