1456 2456
562 70 838 107 PRAEFATIO
1312 70 1378 106 VII

93 183 139 239 p¹
150 204 205 217 =
217 182 306 224 cod.
316 181 446 224 Paris.
459 180 526 224 Gr.
536 181 652 223 2342
666 196 720 222 m.
732 181 753 222 1
768 182 1006 222 atramento
1021 180 1143 221 fusco
1159 179 1379 235 distincta3

155 263 193 291 v.
215 247 406 305 Heiberg
427 247 454 290 l.
475 261 507 289 c.
533 262 574 302 p.
588 246 645 289 55
673 249 715 288 et
739 244 891 288 vol.VI
917 261 956 301 p.
971 245 1024 287 X.

93 312 140 369 Ρ2
160 334 215 348 --
236 313 427 356 eiusdem
452 327 603 354 manus
629 312 775 354 eadem
801 313 1041 353 atramento
1068 311 1198 353 rubro
1225 325 1311 353 usa.

112 394 138 434 q
159 400 215 413 =
235 379 326 422 cod.
347 378 481 420 Paris.
503 376 570 420 Gr.
591 377 720 432 2351,
747 376 930 419 chartac.
957 390 987 418 s.
1007 374 1122 417 XVI.

116 459 138 485 r
158 464 213 478 =
235 443 325 486 cod.
345 443 477 486 Paris.
499 442 567 486 Gr.
588 443 717 498 2362,
744 442 928 484 chartac.
955 456 985 483 s.
1006 440 1099 483 XV.

118 524 137 550 s
158 530 213 543 =
235 508 325 551 cod.
346 508 478 551 Paris.
500 507 568 550 Gr.
589 508 719 562 2363,
745 508 927 550 chartac.
955 522 985 548 s.
1006 506 1099 549 XV.

119 577 138 616 t
159 595 214 609 =
235 575 325 616 cod.
345 574 477 616 Paris.
501 573 570 616 Gr.
591 574 720 629 2388,
747 572 927 615 chartac.
956 587 986 615 s.
1007 571 1144 614 XVII.

110 656 138 682 x
158 661 213 674 =
235 640 324 682 cod.
345 639 478 682 Paris.
501 638 567 683 Gr.
589 639 717 694 2472,
744 638 926 681 chartac.
955 653 985 679 s.
1006 636 1121 679 XIV.

86 705 268 748 Carolo
294 705 561 760 Manitius,
587 706 678 747 viro
706 704 992 746 astronomiae
1022 703 1224 759 antiquae
1249 704 1381 759 inpri-

25 771 106 813 mis
133 771 288 827 perito,
321 772 395 826 qui
427 772 471 813 in
502 771 629 813 rebus
661 769 961 812 astronomicis
990 768 1288 811 liberalissime
1313 783 1380 810 me

27 836 189 878 adiuvit
219 839 261 878 et
291 836 514 878 Henrico
546 836 829 892 Rostagno,
861 835 1094 890 professori
1119 833 1382 890 Florentino,

27 902 100 957 qui
114 902 280 944 codices
290 901 600 944 Laurentianos
615 902 660 943 in
672 916 798 943 usum
812 915 953 944 meum
968 901 1176 957 singulari
1190 900 1381 957 benigni-

26 969 114 1009 tate
140 969 294 1009 iterum
324 967 523 1022 inspexit,
549 967 710 1024 gratias
738 967 807 1008 hic
833 981 915 1022 ago
942 966 1212 1008 iustissimas.

87 1031 355 1088 Scriptorum
382 1033 662 1088 musicorum,
688 1047 796 1087 quae
823 1031 1017 1074 Euclidis
1043 1032 1217 1074 nomine
1242 1031 1383 1073 ferun-

26 1099 108 1151 tur,
122 1101 286 1140 textum
304 1113 355 1139 ex
369 1097 462 1140 Iani
477 1098 662 1140 editione
677 1097 940 1140 Musicorum
955 1096 1212 1140 Graecorum
1224 1095 1380 1154 (1895)

27 1163 283 1218 deprompsi.
308 1163 423 1206 hunc
442 1164 581 1205 virum
603 1163 950 1206 sollertissimum
972 1164 1142 1204 constat
1164 1162 1276 1204 inter
1296 1177 1382 1204 om·

27 1243 101 1271 nes
126 1229 301 1271 musicis
324 1227 495 1272 Graecis
522 1230 567 1271 in
586 1229 813 1284 pristinam
839 1228 1133 1285 integritatem
1157 1229 1383 1270 restituen-

30 1294 93 1336 dis
113 1297 201 1336 tam
223 1294 406 1336 salutare
427 1295 615 1337 studium
635 1298 810 1350 tamque
829 1294 979 1336 utilem
999 1308 1173 1349 operam
1195 1293 1382 1348 imperti-

30 1359 152 1415 visse,
179 1363 227 1402 ut
253 1362 374 1415 quasi
402 1360 635 1416 sospitator
661 1375 808 1402 eorum
830 1363 873 1402 et
892 1359 1047 1401 vindex
1067 1360 1221 1401 merito
1245 1360 1385 1414 possit

28 1426 245 1479 appeHari.
272 1440 320 1467 ac
339 1425 414 1467 Ian
436 1426 608 1480 quidem
627 1426 871 1468 libellorum
889 1424 1196 1468 Euclideorum
1216 1427 1382 1467 textum

27 1491 255 1533 constituit
269 1491 435 1533 duobus
450 1492 634 1534 maxime
649 1491 865 1533 codicibus
879 1505 994 1532 usus.
1020 1491 1067 1532 hi
1082 1490 1248 1532 codices
1266 1493 1383 1532 sunt:

33 1556 67 1597 1.
93 1554 139 1596 Μ
166 1577 221 1589 =
247 1556 491 1599 Marcianus
519 1557 767 1612 appendicis
800 1557 948 1599 classis
975 1555 1038 1598 VI
1068 1570 1107 1598 n.
1129 1555 1175 1610 3,
1207 1555 1385 1598 membr.

159 1621 208 1662 4⁰
233 1622 330 1663 mai.
362 1637 393 1664 S.
412 1621 507 1664 XII.
547 1623 739 1664 continet
767 1621 1135 1665 Introductionem
1160 1621 1234 1663 fol.
1259 1621 1386 1676 1-8‚

161 1685 403 1729 Sectionem
422 1687 648 1730 f01.9—17.
677 1687 810 1730 codex
829 1687 1026 1743 pluribus
1046 1687 1258 1741 manibus,
1278 1701 1385 1741 quae

160 1752 275 1793 haud
301 1767 401 1794 sane
421 1752 545 1795 facile
566 1753 889 1810 dignoscuntur,
908 1753 1037 1795 variis
1063 1753 1276 1795 aetatibus
1297 1767 1384 1794 cor-

160 1819 301 1859 rectus
334 1817 447 1875 est.¹)
495 1819 682 1861 codicem
716 1819 1045 1875 diligentissime
1081 1818 1266 1860 contulit
1296 1818 1385 1872 Ian,

161 1884 402 1938 complures
421 1885 539 1926 locos
560 1884 712 1926 dubios
733 1898 869 1939 nuper
879 1883 1075 1926 Venetiis
1093 1884 1263 1939 inspexi
1282 1883 1384 1938 ipse.

32 1946 69 1988 2.
90 1947 131 1988 V
151 1950 194 1989 et
211 1948 270 1989 W
284 1969 339 1983 =
355 1948 588 1992 Vaticanus
605 1948 674 1992 Gr.
692 1947 825 2005 191.2)
854 1949 957 1991 duas
977 1949 1107 1991 habet
1127 1949 1385 2004 scriptorum

161 2015 421 2056 musicorum
447 2015 725 2069 recensiones,
751 2030 881 2056 unam
906 2015 980 2057 fol.
995 2015 1095 2070 292,
1121 2014 1173 2056 ab
1193 2013 1298 2056 Iano
1317 2014 1387 2056 lit-

161 2080 253 2120 tera
266 2078 319 2140 V,
344 2079 521 2121 alteram
541 2079 614 2122 fol.
630 2080 716 2123 393
727 2079 760 2137 3)
780 2079 994 2122 litteraW
1012 2080 1236 2136 signatam,
1257 2094 1385 2134 quam

94 2208 127 2251 1)
158 2207 201 2243 V.
235 2207 350 2242 etiam
382 2208 600 2253 Marquard,
636 2208 705 2244 Die
739 2209 1026 2244 harmonischen
1061 2209 1286 2254 Fragmente
1322 2207 1386 2242 des

33 2253 270 2291 Aristoxenos
296 2267 332 2300 p.
347 2255 431 2290 XIII
441 2267 495 2300 sq.

94 2303 128 2346 2)
153 2302 196 2336 V.
224 2302 269 2337 de
295 2303 365 2338 hoc
391 2303 517 2339 codice
542 2315 578 2348 p.
593 2303 690 2338 XLII
715 2303 827 2339 huius
854 2303 1064 2339 voluminis.

94 2350 128 2394 3)
153 2349 262 2384 Errat
286 2351 350 2384 Ian
375 2350 414 2385 in
439 2361 603 2386 numero.
