1494 2450
511 51 676 88 SECTIO
703 50 867 87 GANON
869 50 911 86 IS
1312 51 1362 92 17
1371 51 1391 92 1

681 160 753 203 ΙΧ.

102 246 185 289 Sex
215 247 439 289 intervalla
474 247 778 300 sesqueoctava
813 245 977 287 maiora
1011 246 1114 286 sunt
1146 258 1232 286 uno
1265 244 1396 286 inter-

20 328 22 339 ¹
44 314 154 356 vallo
181 312 325 367 duplo.
649 365 654 368 Ι

101 393 197 420 nam
226 378 283 419 sit
309 391 418 419 unus
444 391 646 419 numerus
668 381 720 419 A.
762 378 805 418 et
829 390 1006 418 numero
1028 380 1069 417 A
1096 378 1247 418 octava
1273 378 1395 431 parte

14 452 18 487 ξ
43 443 180 486 maior
205 444 261 485 sit
281 446 331 498 B,
356 457 534 485 numero
561 445 703 485 autem
723 445 760 484 B
783 444 933 484 octava
951 444 1070 497 parte
1091 442 1228 484 maior
1248 444 1295 498 Γ,
1321 457 1396 484 nu-

42 523 158 552 mero
186 511 227 551 Γ
255 511 404 551 octava
435 511 555 563 parte
588 508 725 550 maior
744 510 800 562 A,
825 522 1004 549 numero
1025 510 1068 549 A
1097 509 1248 549 octava
1273 508 1396 562 parte

11 584 15 610 ἵ
43 575 176 617 maior
200 578 258 629 E,
290 588 467 616 numero
494 578 535 616 E
565 576 716 616 octava
748 576 867 628 parte
900 573 1038 615 maior
1067 576 1120 624 Z,
1154 587 1332 615 numero
1362 575 1396 614 Z

44 642 192 683 octava
217 642 337 695 parte
362 640 500 682 maior
525 641 581 682 H.
624 639 732 694 dico,
759 653 850 681 esse
877 642 924 681 H
941 646 987 687 >
1007 639 1090 680 2Α.

102 706 305 760 quoniam
338 705 565 748 didicimus
593 707 757 760 septem
784 705 976 747 invenire
1003 718 1203 746 numeros
1231 703 1397 746 octonis

42 769 152 814 inter
179 786 222 814 se
247 770 443 827 partibus
469 770 670 826 maiores,
702 770 866 812 inventi
892 769 979 812 sint
1005 769 1175 811 numeri
1196 772 1252 823 A,
1275 772 1325 823 B,
1348 771 1396 823 F,

43 840 98 891 Δ,
120 840 169 890 Ε,
192 840 242 890 Ζ,
262 839 320 891 Η,
347 839 389 878 et
414 837 464 877 fit
491 839 534 878 A
555 858 598 870 =
620 835 820 891 2621443

0 902 1 921 ³
100 904 136 943 B
163 901 250 943 294
263 901 371 956 912,

104 970 145 1010 Γ
163 967 247 1009 331
263 967 368 1023 776,

101 1037 144 1075 A
171 1033 375 1087 373248,

98 1102 141 1141 Ε
171 1098 378 1153 419904,

105 1167 140 1206 Ζ
173 1164 377 1219 472392,

101 1232 152 1272 Η
172 1229 370 1285 531441,
397 1232 439 1271 et
465 1232 530 1273 est
554 1233 665 1279 H>
685 1230 773 1272 2Α.

691 1361 743 1404 Χ.

23 1446 85 1486 Τ
382 1444 603 1500 Diapason
629 1445 904 1489 intervallum
931 1448 996 1488 est
1021 1445 1259 1501 multiplex

383 1525 483 1553 nam
505 1511 561 1553 sit
580 1513 676 1554 nete
696 1511 1016 1567 hyperbolaeon
1038 1516 1091 1566 A,
1118 1526 1233 1553 mese
1253 1514 1397 1553 autem

135 1590 172 1630 Β
326 1579 376 1631 Β,
387 1576 843 1632 proslambanomenos
856 1580 1012 1620 veros.
1034 1577 1398 1634 AFigiturinter-

206 1662 248 1700 Α
325 1643 498 1697 vallum,
519 1642 634 1697 quod
653 1645 719 1684 est
737 1642 803 1685 bis
825 1642 1043 1699 diapason,
1064 1657 1302 1685 consonans
1320 1645 1396 1684 est.

222 1722 225 1784 Ι
326 1707 471 1762 itaque
508 1710 582 1750 aut
620 1708 1006 1763 superparticulare
1045 1711 1109 1751 est
1146 1710 1221 1750 aut
1254 1708 1398 1750 multi-

8 1804 18 1834 ..
43 1799 88 1827 ις
130 1802 152 1833 η
215 1790 238 1823 ὃ
327 1772 439 1828 plex.
485 1774 871 1828 superparticulare
896 1788 982 1817 non
1010 1776 1092 1830 est3
1126 1789 1225 1815 nam
1253 1788 1398 1829 super-

323 1837 594 1893 particularis
627 1839 845 1882 intervalli
877 1841 1022 1882 nullus
1054 1839 1219 1881 medius
1251 1853 1396 1881 nume-

9 1927 19 1954 ,3
42 1916 114 1944 rus
139 1903 524 1959 proportionaliter
550 1904 701 1947 incidit
728 1904 867 1960 [prop.
888 1904 991 1961 III];
1019 1920 1150 1961 quare
1169 1905 1398 1960 multiplex

43 1970 116 2010 est.
147 1967 232 2010 iam
261 1969 465 2024 quoniam
490 1969 573 2012 duo
600 1970 824 2013 intervalla
850 1971 1045 2026 aequalia
1066 1974 1162 2025 AB,
1182 1973 1267 2013 ΒΓ
1286 1985 1396 2014 com-

42 2033 182 2087 posita
207 2036 346 2076 totum
375 2034 568 2077 efficiunt
594 2035 823 2091 multiplex
857 2036 998 2092 [prop.
1024 2035 1106 2093 Il],
1145 2036 1273 2079 etiam
1306 2039 1394 2079 AB

4 2097 21 2152 [ss
44 2097 269 2154 multiplex
295 2102 368 2142 est.

2 2192 17 2247 ἐξ
101 2201 134 2232 9.
159 2197 323 2245 Heiberg
354 2200 379 2234 l.
407 2203 656 2246 cpcomparat
681 2201 737 2237 El.
750 2201 853 2246 VIII,
875 2206 912 2238 2:
945 2203 1133 2248 ἀριθμοὺς
1164 2203 1286 2247 εὑρεῖν
1312 2203 1397 2248 ἑξῆς

2 2246 18 2265 ”’
44 2243 227 2328 ἀνοξλὲογὲἔ
253 2245 488 2342 ἐλὲῗίέἶουῗὲ
500 2247 860 2343 ῗίοιυὲΙᾶνΆέσιειτάξῃ
885 2263 952 2294 τις,
979 2251 1019 2287 ἐν
1044 2253 1094 2300 τῷ
1115 2249 1268 2287 δοθέντι
1288 2249 1395 2299 λόγῳ.

102 2321 156 2375 2οΞ
183 2305 263 2387 Fi}
288 2309 477 2388 habetyN,
504 2343 583 2379 sine
607 2311 771 2380 ngmeri's
797 2345 864 2381 ΜΞ.
884 2384 890 2386 Δ
