1494 2450
71 758 113 789 10

69 1079 110 1109 15

143 60 228 102 204
533 63 786 98 ΕΙΣΑΓΩΓΗ
808 64 1075 99 APMONIKH

202 169 451 210 δείκνυνται
483 166 531 210 δὲ
560 169 632 211 καὶ
666 167 723 211 δι’
753 169 955 224 ἀριθμῶν
984 171 1032 212 αἱ
1053 172 1175 224 χρόαι
1200 172 1277 214 τὸν
1300 173 1423 227 τρόπ

142 238 311 274 τοῦτον.
355 232 607 274 ὑποτίθεται
637 233 718 288 γὰρ
751 232 773 274 ὁ
804 235 930 284 τόνος
961 235 1022 284 εἰς
1052 235 1219 276 δώδεκά
1248 251 1346 277 τινα
1369 235 1390 278 ἐ

142 309 266 350 χιστα
289 298 419 351 μόρια
445 297 763 352 διαιρούμενος,
794 293 857 339 ὧν
882 297 1063 341 ἕκαστον
1088 300 1433 355 δωδεκατημόριο

141 361 273 402 τόνου
305 364 511 402 καλεῖται·
555 361 778 415 ἀναλόγως
813 360 861 403 δὲ
897 368 956 419 τῷ
993 364 1103 419 τόνῳ
1140 363 1210 405 καὶ
1246 363 1299 404 τὰ
1335 367 1403 406 λοι
1487 403 1489 405 ,

138 555 291 606 μόριος
322 554 383 602 εἰς
407 553 611 608 τέσσαρα,
644 554 749 595 ὅλον
774 552 821 596 δὲ
846 554 893 596 τὸ
921 555 993 596 διὰ
1017 556 1238 609 τεσσάρων
1262 557 1323 606 εἰς
1347 572 1413 611 τρι
1424 547 1490 614 '3'

139 633 282 659 κοντα.
326 618 352 671 ἡ
383 615 463 672 μὲν
495 615 576 660 οὗν
608 617 792 673 ἁρμονία
822 620 1176 675 μελῳδηθήσεται
1200 620 1308 662 κατὰ
1331 635 1398 674 τρι
1409 642 1425 657 r·

141 683 528 736 δωδεκατημορίων
557 681 743 735 μέγεθος
773 683 845 724 καὶ
869 698 895 736 γ
920 684 992 725 καὶ
1016 684 1095 736 κδ,
1125 684 1172 725 τὸ
1199 684 1247 725 δὲ
1271 684 1434 738 μαλακὸ

138 753 287 823 χρῶμα
311 747 419 788 κατὰ
444 747 470 788 δ
495 745 565 787 καὶ
593 747 619 788 δ
643 746 713 788 καὶ
734 750 813 801 κβ,
837 748 886 789 τὸ
908 745 955 789 δὲ
978 748 1174 802 ἡμιόλιον
1192 756 1340 803 χρῶμα
1357 758 1494 799 κοιτιεζξ4

138 809 319 864 τέτταρα
350 811 482 865 ἥμισυ
513 809 584 852 και
610 808 694 852 δ(”
721 812 791 853 καὶ
816 826 910 864 κα,
924 812 973 853 τὸ
1008 812 1057 854 δὲ
1089 821 1286 855 τονιαῖον
1316 815 1494 868 χρῶμιέ*

137 874 243 916 κατὰ
267 889 292 922 ς
323 873 394 916 καὶ
420 889 445 922 ς
475 874 547 916 καὶ
574 891 643 929 ιη,
677 875 725 917 τὸ
761 875 808 917 δὲ
841 876 1035 929 μαλακὸν
1069 877 1274 919 διάτονον
1306 879 1412 920 κατὰ
1437 875 1491 943 33}

137 937 208 980 καὶ
235 940 260 980 θ
284 937 356 980 καὶ
382 954 445 991 ιε,
470 939 518 981 τὸ
544 937 592 980 δε
618 939 834 981 σύντονον
860 941 965 982 κατὰ
991 954 1016 988 ς
1039 941 1110 983 καὶ
1136 943 1186 994 ιβ
1211 940 1281 983 καὶ
1308 943 1369 995 ιβ.
1468 987 1477 1003 ,Ι

195 1003 233 1045 8.
278 1006 374 1045 Τῶν
405 1003 452 1045 δὲ
478 1003 814 1057 συστημάτων
840 1005 1053 1060 διαφοραί
1073 1006 1187 1047 εἰσιν
1211 1004 1327 1048 ἑπτά.
1370 1002 1487 1067 τέσ-*;Ξ

137 1078 264 1123 σαρες
288 1067 368 1122 μὲν
393 1068 441 1109 αι
462 1067 586 1109 αὐταὶ
613 1075 702 1117 τοῖς
722 1069 1063 1123 διαστήμασιν,““
1045 1070 1072 1123 η’
1091 1084 1135 1111 τε
1154 1070 1261 1110 κατὰ
1278 1068 1489 1124 μέγεθος

136 1130 248 1173 ual‘
227 1148 252 1185 η
271 1132 378 1173 κατὰ
397 1130 523 1185 γένος
540 1132 644 1173 καὶ(
624 1148 649 1186 η
664 1137 742 1173 τοῦ
763 1133 1004 1188 συμφώνου
1024 1132 1095 1174 καὶ
1109 1133 1336 1187 διαφώνου
1350 1133 1421 1175 καὶ
1433 1134 1487 1199 ἡ

89 1211 92 1214 ’
135 1202 214 1237 τοῦ
239 1195 374 1249 ῥητοῦ
399 1195 470 1238 καὶ
502 1195 681 1249 ἀλόγου
724 1204 837 1251 τρεῖς
863 1197 911 1238 δὲ
935 1197 1044 1239 ἴδιαι
1068 1204 1156 1239 τῶν
1181 1197 1460 1252 συστημάτων
1480 1200 1489 1248 ξ

66 1400 109 1430 20

65 1720 107 1751 25

65 2041 107 2072 30

137 1261 348 1315 διαφοραί
358 1262 484 1314 εἰσιν,
504 1261 530 1314 ἡ
543 1266 621 1302 τοῦ
636 1259 731 1315 ἑξῆς
745 1259 816 1302 καὶ
829 1261 1076 1315 ὑπερβατοῦ
1089 1261 1193 1303 καὶ
1173 1278 1198 1316 η
1212 1268 1290 1303 τοῦ
1303 1273 1485 1316 συνημ

135 1323 269 1377 μένου
304 1323 376 1366 καὶ
413 1324 716 1379 διεζευγμένου
752 1325 822 1366 καὶ
847 1325 874 1378 ἡ
899 1331 976 1366 τοῦ
1002 1324 1270 1378 ἀμεταβόλου
1294 1324 1366 1367 καὶ
1390 1315 1489 1380 ἐμ·
1483 1346 1490 1371 g

135 1390 390 1443 μεταβόλου.
427 1388 638 1442 μεγέθει
663 1388 743 1443 μὲν
769 1385 851 1430 οὖν
876 1388 1073 1444 διαφέρει
1091 1390 1143 1431 τὰ
1161 1391 1286 1444 μείζω
1307 1391 1460 1444 συστή-
1477 1397 1494 1432 ξ

135 1468 247 1505 ματα
270 1459 358 1494 τῶν
385 1451 628 1494 ἐλαττόνων
651 1453 848 1507 καθάπερ
875 1453 922 1494 τὸ
949 1454 1021 1495 διὰ
1044 1461 1196 1495 πασῶν
1224 1460 1298 1495 τοῦ
1323 1433 1494 1532 τριιτό-ΞΞ

135 1533 216 1559 νου
243 1516 267 1570 3}
294 1516 495 1559 διαπέντε
520 1517 546 1571 3}
573 1517 645 1559 διὰ
682 1516 903 1570 τεσσάρων
933 1516 959 1571 3}
983 1523 1070 1559 τῶν
1100 1517 1273 1572 ὁμοίων.
1321 1517 1460 1572 γένει
1479 1511 1494 1574 Ξ

137 1582 184 1623 δὲ
217 1582 269 1623 τα
300 1582 525 1623 διατονικὰ
555 1588 643 1623 τῶν
674 1581 945 1636 ἐναρμονίων
974 1580 1000 1635 ἢ
1030 1588 1324 1636 χρωματικῶν,
1357 1581 1384 1636 ἣ
1408 1575 1494 1624 τὰέ

134 1646 379 1724 χρωματικὰ
405 1645 431 1699 3}
457 1645 691 1701 ἐναρμόνια
725 1653 813 1687 τῶν
846 1648 1020 1688 λοιπῶν.
1069 1652 1120 1701 τῇ
1152 1643 1200 1688 δὲ
1229 1652 1307 1688 τοῦ
1338 1657 1459 1700 συμ-
1484 1642 1494 1700 ξ

136 1710 309 1763 φώνου
335 1708 418 1751 καὶ
444 1711 712 1764 διαφώνου
738 1710 893 1751 διοίσει
917 1710 969 1751 τὰ
993 1710 1078 1753 ὑπὸ
1103 1717 1191 1752 τῶν
1209 1709 1494 1766 συμφώνωνξῖ

135 1775 350 1851 φθόγγων
374 1775 660 1828 περιεχόμενα
683 1781 771 1816 τῶν
795 1773 880 1816 ὑπὸ
901 1774 1146 1829 διαφώνων.
1178 1774 1391 1829 σύμφωνα
1411 1773 1491 1816 δέ

135 1838 253 1880 ἐστιν
279 1837 327 1879 έν
350 1843 410 1895 τῷ
430 1837 677 1894 ἀμεταβόλῳ
705 1839 941 1892 συστήματι
966 1838 1026 1888 ἕξ·
1059 1837 1283 1893 ἐλάχιστον
1307 1839 1387 1893 μὲν
1409 1840 1457 1881 τὸ
1488 1841 1494 1882 's

135 1903 206 1944 διὰ
242 1903 479 1958 τεσσάρων,
515 1904 658 1944 τόνων
694 1903 777 1945 δύο
814 1901 1001 1956 ἡμίσεος,
1039 1897 1134 1945 οἶόν
1171 1902 1260 1945 ἐστι
1295 1903 1343 1945 τὸ
1374 1901 1457 1945 ἀπὸ

133 1967 297 2021 ὑπάτης
320 1966 499 2008 ὑπάτων
525 1966 594 2008 ἐπὶ
618 1967 786 2021 ὑπάτην
810 1965 969 2022 μέσων·
1011 1967 1218 2021 δεύτερον
1241 1964 1290 2008 δὲ
1313 1967 1361 2009 τὸ
1387 1967 1458 2008 διὰ

133 2030 273 2094 πέντε,
299 2032 440 2073 τόνων
464 2038 598 2083 τριῶν
622 2031 812 2085 ἡμίσεος,
837 2025 932 2072 οἷόν
957 2029 1047 2072 ἐστι
1071 2031 1120 2074 τὸ
1140 2029 1223 2072 ἀπὸ
1242 2033 1458 2084 προσλαμ-

193 2115 222 2145 1
249 2109 325 2157 και]
359 2121 429 2145 om.
455 2110 513 2145 W.
549 2109 598 2146 δι’
635 2111 821 2156 ἀριθμῶν]
854 2112 904 2154 Β,
941 2111 1117 2156 ἀριθμῶββ
1137 2111 1191 2156 Μ,
1225 2112 1371 2159 ἀριθμῷ
1399 2111 1458 2147 W.

133 2162 165 2192 4.
190 2155 317 2204 τόνου]
342 2156 452 2192 τόνου
476 2157 583 2198 τόνος
607 2157 665 2192 W.
738 2161 770 2191 6.
795 2156 894 2204 τρία]
917 2156 1075 2201 τέσσαρα
1098 2157 1157 2193 W.
1231 2162 1261 2193 7
1285 2148 1457 2204 τέσσαρα]

131 2203 214 2247 τρία
239 2204 294 2238 W.
418 2207 470 2238 16.
503 2205 567 2239 καὶ
597 2204 802 2251 διαφωνου]
839 2204 950 2238 Maro.
971 2207 1037 2239 322
1068 2204 1165 2249 Lips.
1186 2208 1230 2239 25
1260 2204 1357 2239 Mon.
1379 2207 1457 2248 104,

132 2262 202 2286 om.
223 2252 308 2286 cett.
374 2254 428 2285 20.
456 2250 676 2297 συστήματα]
697 2251 930 2295 συστημάτων
948 2250 1008 2286 W.
1073 2253 1128 2285 22.
1155 2249 1307 2309 γένει]γ
1309 2251 1372 2296 ένη
1391 2251 1455 2285 Μι.

132 2302 187 2332 23.
213 2298 309 2332 Ante
333 2303 406 2332 τῶν
432 2297 515 2332 add
541 2299 704 2346 διαφορᾷ
729 2297 786 2332 W.
853 2296 876 2341 ἥ
901 2298 967 2342 (pr.
969 2297 998 2344 )]
1022 2297 1085 2332 καὶ
1109 2297 1167 2333 W.
1231 2297 1278 2333 τά
1286 2264 1393 2343 y(aliz.)
1412 2317 1455 2324 —
1492 2326 1494 2328 ,
