1494 2450
555 80 895 117 PRAENOMENA
1350 79 1402 121 31

55 198 96 238 E
117 194 234 236 velut
258 192 310 234 ad
336 194 477 247 partes
507 194 554 246 Z,
574 194 625 232 N
646 205 742 232 cum
770 189 1038 233 semicirculo
1065 189 1118 232 ab
1142 193 1185 232 A
1210 190 1328 232 velut
1354 190 1406 231 ad

0 289 1 297 1
54 262 195 316 partes
235 260 281 313 Γ,
319 260 365 300 Κ
398 272 484 299 11011
524 258 750 299 concurrat
788 254 1018 313 (Theodos.
1043 254 1097 311 ΙΙ,
1127 254 1211 312 15).
1261 255 1406 311 itaque

56 339 175 368 arcus
211 326 297 366 ZK
327 323 445 366 arcui
477 325 588 364 NM
613 321 766 364 similis
799 323 864 363 est
895 319 970 376 (ib.
996 319 1050 375 H,
1079 318 1165 378 13).
1216 320 1406 375 reliquus

0 414 2 422 v
55 390 187 447 igitur
212 403 333 432 arcus
364 391 445 430 ΘΖ
479 391 521 430 et
553 388 755 430 continua
787 387 878 429 eius
904 401 1021 442 pars,
1054 401 1162 441 quae
1189 386 1268 428 sub
1295 388 1407 428 terra

56 459 130 510 est,
154 469 288 510 usque
314 454 367 496 ad
393 455 603 509 punctum
631 455 676 495 K
699 453 852 495 similis
879 452 961 494 erit
986 452 1103 494 arcui
1130 454 1223 494 AN
1243 455 1285 494 et
1310 466 1406 494 con-

55 521 196 563 tinuae
228 521 318 562 eius
350 519 481 576 parti,
513 533 622 574 quae
653 519 731 560 sub
765 521 878 561 terra
911 521 993 572 est,
1024 532 1161 573 usque
1193 517 1246 560 ad
1278 532 1408 573 punc-

55 589 145 629 tum
170 589 231 629 M.
263 586 430 640 aequali
456 585 591 641 igitur
615 587 808 640 tempore
834 587 993 639 puncta
1022 587 1069 638 Z,
1091 587 1140 625 N
1160 597 1283 625 arcus
1312 586 1408 638 ΖΘ,

55 654 141 695 ΝΛ
171 654 214 695 et
244 650 467 693 continuas
499 665 647 692 eorum
679 652 820 705 partes
853 664 988 704 usque
1014 649 1066 690 ad
1092 651 1251 704 puncta
1277 651 1330 704 K,
1356 651 1412 690 M

55 718 306 773 percurrunt
344 715 563 774 (Autolyc.
591 716 643 758 de
669 716 759 770 sph.
787 714 846 772 2).
897 715 1045 770 itaque
1083 717 1242 769 puncta
1284 717 1337 769 Ζ,
1363 717 1412 755 Ν

55 783 181 825 simul
212 782 418 826 oriuntur.
469 796 618 824 verum
644 784 695 823 N
722 781 841 836 prius
875 781 1012 823 oritur
1044 795 1168 835 quam
1199 783 1253 822 H.
1305 794 1406 835 ergo

56 849 179 891 etiam
211 851 245 890 Z
271 849 390 904 prius
418 848 556 890 oritur
581 862 710 902 quam
737 849 792 889 H.

112 913 220 969 dico,
245 914 357 955 idem
383 913 599 968 posterius
626 912 829 955 occidere.

113 979 377 1022 describatur
407 994 485 1035 per
516 981 725 1034 punctum
754 981 789 1020 Z
822 978 1034 1020 maximus
1068 978 1253 1020 circulus
1281 977 1408 1026 ΞΖΔ

55 1045 259 1088 circulum
294 1048 422 1087 ΑΔΕ
458 1045 520 1086 ita
558 1045 830 1100 contingens,
867 1046 917 1085 ut
955 1044 1247 1086 semicirculus
1286 1044 1338 1086 ab
1364 1047 1408 1086 Δ

55 1110 170 1153 velut
195 1111 248 1152 ad
271 1113 413 1166 partes
441 1113 495 1165 Δ,
521 1109 560 1159 Ξ
590 1125 686 1152 011111
723 1109 992 1152 semicirculo
1026 1109 1079 1151 ab
1107 1113 1148 1151 A
1180 1109 1233 1151 ad
1263 1112 1406 1164 partes

56 1181 109 1232 A,
137 1179 173 1218 Θ
195 1191 282 1219 11011
308 1178 534 1219 concurrat
559 1175 790 1232 (Theodos.
810 1174 865 1230 ΙΙ,
888 1173 973 1232 15).
1006 1174 1152 1230 itaque
1178 1189 1299 1218 arcus
1330 1178 1408 1217 ΖΘ

57 1241 168 1283 arcui
194 1240 272 1290 ΞΛ
299 1241 452 1284 similis
479 1244 544 1284 est
569 1240 644 1299 (ib.
666 1240 720 1298 ΙΙ,
743 1240 828 1298 13).
862 1240 1030 1296 aequali
1057 1241 1191 1297 igitur
1215 1243 1407 1296 tempore

59 1309 94 1348 Z
130 1321 272 1349 arcum
301 1310 386 1349 ΖΘ
422 1308 635 1363 percurrit
667 1310 709 1349 et
742 1306 780 1355 Ξ
815 1321 960 1349 arcum
992 1305 1072 1355 ΞΛ
1110 1305 1328 1363 (Autolyc.
1356 1306 1407 1348 de

56 1372 145 1427 sph.
170 1371 228 1430 2).
278 1372 422 1428 itaque
455 1387 550 1415 011111
581 1376 616 1414 Ζ
647 1372 701 1414 ad
726 1375 933 1428 punctum
965 1375 1003 1414 Θ
1033 1372 1245 1428 pervenit,
1277 1372 1406 1414 etiam

56 1436 95 1485 Ξ
115 1437 167 1479 ad
192 1441 233 1480 A
263 1439 494 1493 perveniet.
539 1453 669 1494 quare
701 1441 863 1494 puncta
891 1441 938 1493 Z,
964 1437 1003 1486 Ξ
1033 1438 1161 1480 simul
1194 1437 1405 1481 occidunt.

56 1517 199 1545 verum
226 1506 276 1545 H
301 1503 420 1558 prius
454 1504 610 1546 occidit
642 1519 770 1560 quam
798 1503 843 1552 Ξ.
896 1517 997 1560 ergo
1028 1506 1062 1545 Z
1093 1503 1306 1558 posterius
1340 1518 1406 1546 oc-

56 1567 157 1610 cidit
182 1582 310 1624 quam
336 1572 392 1612 H.
437 1569 510 1611 sed
537 1569 877 1612 demonstratum
904 1571 979 1624 est,
1006 1568 1118 1611 idem
1144 1569 1263 1624 prius
1291 1569 1406 1612 oriri.

57 1647 155 1690 ergo
183 1637 217 1676 Z
242 1635 362 1689 prius
387 1634 524 1677 oritur
549 1649 678 1691 quam
705 1638 761 1690 H,
787 1634 1001 1690 posterius
1029 1637 1170 1677 autem
1197 1635 1366 1677 occidit.

691 1771 763 1814 VI.

114 1854 201 1896 Eae
226 1856 385 1910 stellae,
415 1870 523 1910 quae
549 1855 593 1897 in
620 1855 779 1898 circulo
806 1856 979 1898 zodiaco
1006 1855 1125 1898 iuxta
1151 1855 1402 1897 diametrum

57 1921 274 1975 oppositae
299 1923 408 1973 sunt,
436 1921 664 1977 coniugate
690 1924 733 1964 et
759 1922 956 1964 oriuntur
981 1924 1023 1964 et
1049 1921 1265 1978 occidunt3
1292 1921 1407 1964 simi-

55 1983 152 2026 liter
175 1985 304 2036 etiam
330 2000 415 2042 eae,
443 2001 551 2042 quae
576 1987 622 2030 in
647 1987 951 2043 aequinoctiali
977 1990 1088 2029 sunt.

114 2050 171 2092 sit
193 2050 239 2093 in
263 2051 422 2094 mundo
447 2051 626 2095 horizon
655 2055 798 2110 ΑΒΓ,
829 2053 1026 2096 zodiacus
1053 2056 1195 2095 autem
1222 2053 1406 2095 circulus

57 2115 311 2170 positionem
323 2116 481 2159 habeat
493 2121 680 2174 AHBA,
701 2118 1028 2174 aequinoctialis
1042 2121 1186 2161 autem
1200 2119 1257 2161 sit
1270 2121 1406 2171 ΕΖΔ,

59 2234 112 2266 15.
138 2234 183 2279 Δ]
209 2233 316 2279 (alt.)]
347 2237 374 2269 Z
400 2236 484 2271 Vat.
537 2239 590 2271 16.
617 2240 662 2281 A,
686 2238 734 2284 Θ]
764 2238 807 2282 Θ,
827 2242 858 2272 Λ
884 2238 924 2272 111
948 2248 1020 2273 ras.
1046 2249 1095 2273 m.
1118 2242 1138 2272 2
1158 2237 1243 2273 Vat.
1295 2235 1405 2283 ὁμοία

57 2282 170 2315 -20,
194 2280 373 2325 παρέσται
397 2295 470 2329 mg.
497 2295 544 2319 m.
566 2287 586 2318 2
607 2285 649 2320 V.
700 2284 791 2332 ἄρα]
818 2285 871 2321 ἔτι
895 2285 955 2321 L1.
1048 2289 1104 2321 20.
1132 2284 1221 2321 Post
1245 2284 1291 2319 τά
1318 2284 1403 2319 add.

57 2324 99 2361 δέ
122 2327 268 2374 (comp.)
291 2340 340 2364 m.
367 2334 387 2364 2
414 2331 456 2366 V.
603 2336 659 2367 24.
691 2331 774 2379 μέν]
806 2344 879 2369 om.
909 2333 990 2368 Vat.
1139 2336 1195 2368 25.
1229 2332 1277 2379 ς’]
1303 2331 1332 2374 ζ
1358 2331 1404 2367 v'·

57 2375 111 2408 80.
136 2377 236 2411 ΑΒΔ
259 2376 344 2412 Vat.
395 2377 481 2413 Post
506 2378 593 2414 ἔστω
621 2379 706 2416 add.
734 2381 857 2416 αὐτῶν
882 2381 968 2416 Vat.
