1494 2450
0 0 8 104 Β
18 16 23 26 ’Ὗ
580 43 885 80 FRAGMENTA
1326 45 1412 87 247

0 142 19 193 ἐζ
56 160 138 214 τὴν
173 160 274 212 ΘΚ,
305 173 358 200 το-
389 158 473 212 ἄρα
505 155 591 199 ὑπὸ
622 158 713 209 ΘΕ,
740 157 824 196 ΗΖ
854 169 966 209 προς
995 170 1045 196 το
1076 154 1164 197 ὑπὸ
1202 157 1311 208 ΘΗ,
1337 157 1417 196 ΕΖ

0 174 6 277 Ι
57 230 277 278 συνῆπται
302 220 350 265 ἔκ
375 238 421 265 τε
440 227 534 275 τοῦ,
562 221 615 264 ὃν
634 218 722 276 ἔχει
742 221 768 275 ἡ
792 222 872 262 ΘΛ
891 219 1000 276 πρὸς
1019 221 1100 275 τὴν
1124 223 1217 275 ΖΑ,
1242 219 1315 262 καὶ
1335 226 1416 262 τοῦ

0 303 3 316 ·
58 289 112 332 ὃν
138 286 227 344 ἔχει
252 289 278 343 ἡ
302 291 382 331 ΖΑ
407 287 519 343 πρὸς
548 287 630 342 τὴν
653 289 746 328 ΘΚ.
779 286 802 328 6
830 286 879 328 δὲ
905 286 1185 342 συνημμένος
1203 288 1251 328 ἔκ
1270 300 1317 328 τε
1336 291 1415 328 τοῦ

57 361 134 410 τῆς
152 356 232 396 ΘΛ
244 353 356 406 πρὸς
370 354 450 408 τὴν
468 356 549 395 ΖΑ
562 352 634 395 καὶ
649 357 729 394 τοῦ
742 358 818 406 τῆς
835 354 915 393 ΖΑ
928 350 1040 406 πρὸς
1054 353 1135 406 τὴν
1153 354 1236 394 ΘΚ
1249 351 1271 395 6
1287 351 1418 401 αὐτός

57 419 179 463 ἐστιν
203 423 265 477 τῷ
290 425 366 474 τῆς
394 421 474 461 ΘΛ
499 419 610 474 πρὸς
635 418 717 472 τὴν
746 419 854 458 ΘΚ·
894 415 1017 460 ἔστιν
1042 418 1142 473 ἄρα,
1172 418 1231 468 ὡς
1254 417 1303 460 τὸ
1329 417 1416 459 ὑπὸ
1469 427 1489 456 5

60 487 164 540 ΘΕ,
186 487 277 527 ΗΖ
302 485 413 539 πρὸς
437 485 486 527 τὸ
513 484 599 526 ὑπὸ
623 485 734 537 ΘΗ,
757 486 859 536 ΖΕ,
887 483 1027 533 οὕτως
1052 484 1079 538 ἡ
1103 486 1183 525 ΘΛ
1209 483 1318 539 πρὸς
1339 484 1419 538 τὴν

62 552 160 593 ΘΚ.
206 551 281 592 διὰ
313 550 450 592 ταύτὰ
481 552 575 604 καί,
609 549 667 599 ὡς
691 549 741 591 τὸ
766 548 854 591 ὑπὸ
885 551 985 603 ΘΔ,
1012 550 1102 591 ΒΓ
1121 550 1232 605 πρὸς
1255 549 1304 591 τὸ
1331 548 1418 591 ὑπὸ

62 618 164 670 ΘΒ,
192 617 293 669 ΓΔ,
326 615 466 665 οὕτως
498 614 620 657 ἐστὶν
651 613 677 668 ἡ
707 616 798 656 ΘΚ
825 614 937 670 πρὸς
968 616 1049 669 τὴν
1078 617 1170 657 ΘΛ.
1219 613 1293 657 καὶ
1319 614 1419 657 ἀνά-

57 682 193 724 παλίν
219 680 353 736 ἐστιν,
380 681 437 731 ὡς
461 681 510 723 τὸ
536 680 623 722 ὑπὸ
654 682 755 734 ΘΒ,
783 681 864 722 ΓΔ
889 681 999 736 πρὸς
1018 681 1067 723 τὸ
1088 680 1174 722 ὑπὸ
1199 683 1301 733 ΘΔ,
1323 682 1419 733 ΒΓ,

59 747 200 797 οὕτως
225 747 252 802 ἡ
281 749 362 788 ΘΛ
386 747 497 802 πρὸς
521 746 604 800 τὴν
632 747 732 788 ΘΚ.
782 742 839 799 ἦν
864 743 914 788 δὲ
938 749 1026 800 καί,
1059 747 1118 796 ὡς
1143 747 1191 789 τὸ
1218 746 1305 788 ὑπὸ
1331 753 1421 788 τῶν
1447 755 1491 786 10

0 837 4 841 -
63 815 167 862 ΘΕ,
197 814 293 854 ΖΗ
320 812 429 868 πρὸς
463 812 510 854 τὸ
545 811 632 853 ὑπὸ
671 813 781 866 ΘΗ,
811 814 916 866 ΖΕ,
955 812 1096 862 οὕτως
1129 812 1156 867 ἡ
1195 815 1276 854 ΘΛ
1308 814 1421 867 πρὸς

59 878 141 933 τὴν
182 879 292 919 ΘΚ·
354 876 426 919 καὶ
472 878 530 927 ὡς
573 877 659 929 ἄρα
695 877 745 919 τὸ
783 876 870 919 ὑπὸ
909 885 998 919 τῶν
1039 880 1143 932 ΘΕ,
1184 880 1279 919 ΖΗ
1309 878 1421 934 πρὸς

60 944 110 986 τὸ
143 943 230 985 ὑπὸ
261 945 371 997 ΘΗ,
405 945 501 997 ΖΕ,
528 942 669 992 οὕτως
694 943 742 985 τὸ
769 941 856 984 ὑπὸ
886 945 987 997 ΘΒ,
1017 945 1097 984 ΓΔ
1122 944 1233 998 πρὸς
1260 944 1306 985 τὸ
1331 943 1420 985 ὑπὸ

16 1051 19 1053 ,
64 1011 164 1062 ΘΛ,
192 1010 286 1050 ΒΓ.

16 1119 18 1121 ,
121 1072 171 1115 δ’.
215 1074 491 1129 Καταγραφὴ
529 1074 555 1128 ἡ
582 1074 1067 1127 ΑΒΓΔΕΖΗΘΚΛ,
1106 1071 1215 1116 ἔστω
1255 1073 1324 1128 δέ,
1363 1074 1420 1123 ὡς
1449 1084 1491 1114 15

13 1189 15 1191 ¹
60 1140 109 1181 τὸ
136 1138 223 1181 ὑπὸ
250 1142 360 1193 ΑΖ,
386 1140 476 1180 ΒΓ
494 1139 606 1194 πρὸς
631 1138 680 1180 τὸ
707 1138 794 1181 ὑπὸ
823 1141 932 1193 ΑΒ,
961 1141 1063 1193 ΓΖ,
1091 1139 1231 1189 οὕτως
1257 1140 1305 1182 τὸ
1333 1139 1419 1181 ὑπὸ

13 1198 15 1226 3
61 1207 168 1259 AZ,
188 1207 279 1246 AE
301 1204 412 1259 πρὸς
437 1205 486 1246 τὸ
512 1204 599 1246 ὑπὸ
621 1207 729 1258 ΑΔ,
749 1207 857 1246 ΕΖ·
891 1204 958 1246 ὅτι
985 1205 1140 1247 εὐθεῖά
1160 1204 1280 1247 ἐστιν
1301 1205 1326 1260 ἡ
1348 1206 1421 1247 διὰ

12 1288 16 1322 g
61 1277 151 1312 τῶν
180 1272 230 1323 Θ,
257 1272 315 1325 Η,
345 1273 379 1311 Ζ
406 1270 608 1324 σημείων.

12 1339 21 1387 ξ,
122 1334 218 1377 ἐπεί
253 1333 395 1389 ἐστιν,
434 1335 492 1384 ὡς
526 1335 575 1376 τὸ
607 1334 694 1377 ὑπὸ
721 1338 828 1389 ΑΖ,
860 1337 949 1376 ΒΓ
980 1336 1090 1389 πρὸς
1121 1336 1169 1377 τὸ
1202 1336 1288 1379 ὑπὸ
1315 1339 1422 1390 ΑΒ,

12 1387 19 1463 ξ’
65 1402 166 1450 ΓΖ,
205 1399 344 1450 οὕτως
374 1401 422 1442 τὸ
455 1400 542 1443 ὑπὸ
571 1403 678 1454 ΑΖ,
703 1403 795 1442 ΛΕ
829 1400 939 1453 πρὸς
977 1401 1025 1442 τὸ
1064 1400 1151 1443 ὑπὸ
1184 1405 1292 1456 ΑΔ,
1318 1404 1423 1459 ΕΖ,
1450 1411 1494 1442 20

12 1466 16 1522 ξ
63 1464 247 1516 ἐναλλάξ
281 1464 421 1520 ἐστιν,
454 1466 511 1515 ὡς
542 1466 592 1508 τὸ
618 1465 704 1508 ὑπὸ
731 1468 773 1507 Α
784 1469 837 1520 Ζ,
865 1468 954 1507 ΒΓ
978 1466 1088 1519 πρὸς
1119 1467 1168 1509 τὸ
1202 1466 1288 1509 ’ὑπὸ
1315 1471 1357 1508 A
1368 1470 1424 1519 Z,

11 1526 21 1592 f
64 1534 173 1585 AE,
205 1529 435 1574 τουτέστιν
461 1532 519 1581 ὡς
544 1531 571 1585 ἡ
598 1533 687 1573 ΒΓ
713 1532 824 1586 πρὸς
848 1532 929 1586 τὴν
954 1535 1062 1586 ΔΕ,
1095 1532 1236 1581 οὕτως
1261 1533 1310 1575 τὸ
1336 1532 1422 1575 ὑπὸ

0 1595 18 1650 J}
63 1599 171 1650 ΑΒ,
202 1598 283 1638 ΓΖ
322 1597 432 1651 πρὸς
463 1597 512 1639 τὸ
545 1597 632 1638 ὑπὸ
663 1599 764 1651 ΑΔ,
791 1599 886 1638 ΕΖ.
938 1595 1025 1639 ἀλλ’
1058 1597 1081 1640 6
1120 1598 1202 1653 μὲν
1239 1604 1315 1653 τῆς
1341 1600 1430 1640 ΒΓ

0 1651 16 1711 εξ
62 1662 171 1716 πρὸς
202 1662 283 1716 τὴν
309 1665 400 1703 ΔΕ
430 1668 647 1716 συνῆπται
683 1664 829 1715 λόγος,
863 1661 941 1704 ἐὰν
973 1663 1047 1704 διὰ
1079 1669 1159 1705 τοῦ
1187 1665 1228 1703 Κ
1258 1670 1309 1719 τῆ
1335 1667 1423 1705 ΑΖ

11 1705 19 1786 ξ
62 1728 341 1782 παράλληλος
374 1727 490 1783 ἀχθῇ
523 1728 549 1782 ἡ
579 1729 696 1782 ΚΜ,
730 1725 778 1769 ἔκ
809 1743 856 1770 τε
880 1733 961 1770 τοῦ
987 1733 1062 1782 τῆς
1088 1730 1177 1770 ΒΓ
1196 1729 1305 1782 πρὸς
1331 1731 1432 1770 ΚΝ
1452 1738 1494 1769 25

11 1790 16 1810 ¹
63 1791 137 1834 καὶ
162 1799 237 1848 τῆς
263 1794 364 1834 ΚΝ
388 1795 498 1847 πρὸς
524 1794 633 1834 ΚΜ
659 1791 731 1835 καὶ
758 1795 820 1834 ἔτι
846 1798 927 1836 τοῦ
952 1800 1028 1848 τῆς
1053 1796 1158 1836 ΚΜ
1181 1794 1291 1847 πρὸς
1316 1797 1426 1847 ΔΕ,

17 1883 21 1890 «
64 1857 88 1900 ὁ
116 1855 166 1899 δὲ
191 1863 270 1900 τοῦ
296 1858 383 1900 ὑπὸ
410 1860 516 1912 ΑΒ,
539 1860 619 1900 ΓΖ
644 1858 754 1913 πρὸς
779 1859 828 1901 τὸ
853 1858 940 1901 ὑπὸ
967 1862 1076 1914 ΑΔ,
1096 1862 1180 1900 ΕΖ
1207 1865 1425 1914 συνῆπται

63 1920 113 1964 ἔκ
145 1938 191 1965 τε
215 1929 296 1965 τοῦ
322 1929 398 1978 τῆς
423 1926 507 1965 BA
538 1923 649 1979 πρὸς
674 1926 762 1965 ΑΔ
787 1922 859 1966 καὶ
885 1930 966 1966 τοῦ
992 1930 1067 1978 τῆς
1095 1927 1177 1966 ΓΖ
1209 1925 1320 1979 πρὸς
1346 1926 1427 1979 τὴν

54 1990 161 2030 ΖΕ.
211 1981 360 2038 κοινὸς
391 1987 699 2044 ἐκκεκρούσθω
732 1988 755 2030 6
782 1995 857 2044 τῆς
883 1992 965 2031 ΒΑ
996 1991 1106 2046 πρὸς
1132 1994 1218 2031 ΑΛ
1245 1989 1268 2032 6
1296 1990 1427 2041 αὐτὸς

65 2053 129 2094 ὢν
153 2057 212 2110 τῷ
238 2059 315 2107 τῆς
341 2056 435 2096 ΝΚ
459 2055 569 2110 πρὸς
597 2055 719 2096 ΚΜ·
759 2055 918 2098 λοιπὸν
942 2056 1027 2110 ἄρα
1055 2055 1077 2098 6
1104 2062 1180 2110 τῆς
1208 2057 1289 2097 ΓΖ
1315 2056 1426 2111 πρὸς
1453 2065 1494 2096 30

64 2118 146 2173 τὴν
174 2121 260 2160 ΖΕ
297 2126 516 2174 συνῆπται
554 2122 601 2161 ἔκ
639 2134 686 2161 τε
724 2126 803 2162 τοῦ
835 2126 912 2175 τῆς
943 2123 1032 2162 ΒΓ
1063 2122 1173 2177 πρὸς
1204 2121 1287 2175 τὴν
1311 2123 1426 2174 ΚΝ,

66 2183 296 2226 τουτέστιν
320 2190 400 2227 τοῦ
426 2191 503 2239 τῆς
532 2187 621 2227 ΘΓ
639 2185 750 2240 πρὸς
775 2187 858 2241 τὴν
883 2189 992 2241 ΚΘ,
1018 2185 1091 2229 καὶ
1117 2192 1198 2228 τοῦ
1223 2193 1300 2241 τῆς
1325 2189 1431 2229 ΚΜ

65 2249 176 2303 πρὸς
207 2250 288 2304 τὴν
320 2252 424 2304 ΔΕ,
461 2249 690 2294 τουτέστιν
722 2258 801 2294 τοῦ
833 2259 910 2307 τῆς
942 2254 1046 2294 ΚΗ
1070 2252 1179 2307 πρὸς
1211 2252 1292 2306 τὴν
1325 2255 1428 2294 ΗΕ.

67 2314 223 2356 εὐθεῖα
249 2315 336 2369 ἄρα
360 2315 386 2369 ἡ
413 2315 487 2357 διὰ
512 2323 602 2358 τῶν
631 2319 681 2371 Θ,
710 2320 768 2371 Η,
798 2321 843 2359 Ζ.
