1494 2450
85 759 127 790 10

81 1079 124 1110 15

79 1399 122 1431 20

77 1719 119 1751 25

162 61 245 103 196
561 62 813 95 mmmm
835 60 1102 94 ΑΡΜΟΝΙΚΗ

159 169 345 210 ἄπυκνοι
382 164 452 209 καὶ
489 165 762 222 περιέχοντες
791 167 844 208 τὰ
872 165 1014 208 τέλεια
1045 169 1302 221 συστήματα.
1348 168 1431 222 βαρ
1443 160 1449 176 ”

157 247 317 275 πυκνοι
340 229 421 285 μὲν
445 228 527 273 οὖν
551 233 635 273 εἰσι
659 231 787 273 πέντε
812 231 920 272 οἵδε·
962 229 1103 285 ὑπάτη
1127 230 1315 284 ὑπάτων,
1339 230 1424 274 ὑπᾶ

157 295 313 350 μέσων,
338 294 459 350 μέση,
484 294 723 349 παραμέση,
748 297 854 349 νήτη
875 294 1198 349 διεζευγμένων.
1229 295 1410 338 ἄπυκνοι

155 359 226 402 καὶ
262 359 534 414 περιέχοντες
569 359 621 400 τὰ
657 359 796 401 τέλεια
834 363 1081 415 συστήματα
1119 360 1161 401 οἱ
1191 357 1333 401 λοιποὶ
1363 375 1410 415 τρ

155 425 264 466 οἵδε·
295 425 749 479 προσλαμβανόμενος,
774 424 881 478 νήτη
902 423 1200 480 συνημμένων,
1226 424 1371 478 νήτη“
1350 438 1490 504 υπεριὲ

153 489 358 541 βολαίων.
1466 518 1478 527 ,,

210 559 299 594 τῶν
331 549 378 593 δὲ
408 549 732 604 κινουμένων
764 552 810 594 οι
839 551 920 607 μέν
944 555 1027 596 εἰσι
1051 555 1335 607 μεσόπυκνοι,
1364 553 1404 595 οἱ
1428 550 1482 595 δ

154 615 405 670 ὀξύπυκνοι,
442 616 483 658 02
521 613 569 657 δὲ
606 616 814 658 διάτονοι.
861 619 1126 669 μεσόπυκνοι
1161 633 1241 670 μεν
1277 613 1358 659 οὖν
1392 617 1429 659 εἰ

152 680 280 722 πέντε
305 681 415 722 οἵδε·
453 680 682 736 παρυπάτη
707 680 898 735 ὑπάτων,
923 682 1152 736 παρυπατη
1177 680 1333 735 μέσων,
1356 682 1447 735 τρίτ

154 743 453 799 συνημμένων,
490 748 611 798 τρίτη
650 743 972 799 διεζευγμένων,
1010 747 1130 801 τρίτη
1166 741 1494 806 ὑπερβολαίωνξξ

152 807 390 859 ὀξύπυκνοι
416 807 464 850 δὲ
489 808 646 861 ὁμοίως
671 809 776 850 κατὰ
800 808 927 862 γένος
951 809 1098 863 πέντε,
1130 808 1177 851 ἐν
1195 807 1275 864 μὲν
1294 807 1494 866 ἁρμονίῇῗ

151 874 193 915 oz
225 872 496 928 ἐναρμόνιοι,
533 871 582 915 ἐν
613 870 661 914 δὲ
692 873 882 927 χρώματι
914 875 955 915 οἱ
986 876 1268 928 χρωματικοί·
1315 873 1362 914 τὸ
1393 869 1478 929 yde&

151 938 358 980 διάτονον
391 937 444 980 οὐ
478 936 643 991 μετέχει
676 943 857 979 πυκνοῦ.
906 936 1020 979 εἰσὶν
1053 934 1135 979 οὑν
1169 938 1209 979 οἱ
1243 934 1323 991 μὲν
1352 936 1400 978 ἐν
1422 935 1473 992 τῇ

151 1002 337 1057 ἁρμονίᾳ
349 1001 458 1043 οἴδε·
479 1001 653 1055 λιχανὸς
666 1000 844 1043 ὑπάτων
858 999 1127 1056 ἐναρμόνιος,
1146 1001 1321 1055 λιχανὸς
1333 999 1475 1054 μέσων

151 1066 420 1120 ἐναρμόνιος,
456 1065 681 1120 παρανήτη
715 1064 1004 1119 συνημμένων
1037 1063 1306 1119 ἐναρμόνιος,
1339 1078 1472 1119 παρα-

149 1132 255 1185 νήτη
282 1128 595 1184 διεζευγμένων
620 1127 894 1183 ἐναρμόνιος,
924 1130 1147 1183 παρανήτη
1172 1129 1472 1184 ὑπερβολαίων

149 1194 417 1249 ἐναρμόνιος.
466 1192 515 1235 ἐν
549 1193 598 1234 δὲ
630 1198 688 1250 τῷ
717 1194 907 1248 χρώματι
943 1194 1051 1235 οἵδε·
1095 1193 1268 1247 λιχανὸς
1297 1192 1471 1235 ὑπάτων

148 1260 408 1313 χρωματική,
434 1258 608 1312 λιχανὸς
626 1257 770 1312 μέσων
788 1259 1046 1311 χρωματική,
1072 1259 1294 1311 παρανήτη
1314 1268 1472 1312 συνημ-

147 1322 292 1377 μένων
322 1323 589 1377 χρωματική,
620 1322 842 1376 παρανήτη
875 1320 1187 1375 διεζευγμένων
1217 1321 1471 1375 χρωματική,

147 1388 369 1440 παρανήτη
387 1386 691 1440 ὑπερβολαίων
703 1387 959 1439 χρωματική.
984 1386 1054 1440 (οἱ
1069 1383 1114 1427 δὲ
1129 1386 1155 1427 δ
1159 1385 1350 1438 ιατόνοι>
1365 1384 1469 1426 οἵδε·

147 1451 323 1505 λιχανὸς
347 1447 526 1492 ὑπάτων
548 1449 763 1503 διάτονος,
788 1450 963 1503 λιχανὸς
987 1449 1131 1504 μέσων
1156 1449 1369 1502 διάτονος,
1393 1462 1483 1498 παπ

147 1516 310 1569 ρανήτη
343 1513 632 1568 συνημμένων
663 1513 881 1566 διάτονος,
915 1514 1136 1567 παρανήτη
1163 1511 1489 1566 διεζευγμένων,

147 1579 363 1633 διάτονος,
387 1579 610 1633 παρανήτη
636 1577 938 1631 ὑπερβολαίων
963 1577 1174 1626 διάτονος.

203 1642 242 1685 5.
281 1645 377 1684 Τῶν
402 1640 450 1684 δὲ
476 1641 838 1695 διαστημάτων
862 1641 1076 1695 διαφοραί
1098 1641 1181 1683 εἰσι
1205 1640 1344 1693 πέντε,
1375 1636 1402 1694 ᾖ
1425 1654 1487 1690 τε,

146 1706 322 1761 μεγέθει
357 1706 556 1759 ἀλλήλων
590 1705 787 1760 διαφέρει
820 1703 890 1747 καὶ
925 1699 949 1760 ᾖ
980 1705 1086 1747 κατὰ
1118 1703 1243 1758 γένος
1273 1702 1344 1746 καὶ
1369 1698 1394 1759 ᾖ
1418 1704 1470 1746 τὰ

145 1771 359 1825 σύμφωνα
389 1778 477 1813 τῶν
509 1770 747 1824 διαφώνων
776 1769 846 1811 καὶ
877 1763 904 1825 ᾗ
935 1769 987 1811 τὰ
1012 1769 1204 1811 σύνθετα
1228 1776 1315 1810 τῶν
1339 1767 1470 1810 ἀσυν-

144 1834 288 1876 θέτων
318 1834 389 1876 καὶ
425 1829 529 1889 ᾗτὰ
566 1834 674 1888 ῥητὰ
711 1841 798 1876 τῶν
836 1833 1020 1887 ἀλόγων.
1069 1833 1095 1886 ἡ
1130 1832 1210 1886 μὲν
1247 1829 1329 1874 οὖν
1364 1831 1470 1874 κατὰ
1487 1875 1494 1888 ..-

142 1898 364 1953 μέγεθός
390 1896 494 1952 ἐστι,
519 1896 619 1940 καθ’
638 1897 694 1952 ἣν
720 1897 746 1939 ἃ
769 1896 849 1950 μέν
875 1895 964 1939 ἐστι
989 1899 1161 1949 μείζονα
1185 1904 1272 1938 τῶν
1297 1897 1494 1958 διαστη-

190 2030 221 2060 4.
247 2024 283 2060 οἱ
307 2024 469 2060 ἄπυκνοι
492 2024 530 2058 Μ
554 2036 628 2069 mg.
647 2035 694 2058 m.
715 2027 746 2058 2.
845 2027 874 2057 7.
899 2029 971 2058 τῶν
998 2021 1224 2067 κινουμένων
1248 2021 1468 2066 μεσόπυκνοι

143 2071 343 2114 ὀξὺπυκνοι
362 2071 528 2107 διάτονοι
545 2071 583 2105 Μ
601 2082 672 2116 mg.
692 2082 738 2104 m.
759 2074 789 2104 2.
864 2073 894 2104 9.
920 2069 1119 2114 παρυπάτη
1139 2070 1221 2113 (pr.)
1257 2068 1323 2111 Μ’,
1347 2067 1467 2112 ὑπάτη

142 2119 208 2154 M1.
282 2122 336 2153 10.
361 2116 462 2162 τρίτη
489 2118 562 2160 (alt.
565 2118 594 2163 )]
620 2117 688 2161 M⁴‚
712 2122 786 2152 τῶν
810 2116 875 2150 Μ’.
956 2119 1009 2150 12.
1036 2117 1174 2161 χώματι
1241 2115 1264 2158 ¹,
1289 2114 1354 2149 sed
1378 2125 1466 2149 corr.

144 2169 197 2200 18.
222 2164 431 2210 χρωματική
450 2164 542 2210 (alt.)
567 2183 611 2189 --
638 2144 692 2198 22'.
720 2161 972 2208 συνημμένων]
998 2173 1068 2196 om.
1092 2161 1148 2197 W.
1246 2164 1299 2196 18.
1325 2174 1367 2206 χρ
1371 2173 1467 2205 ωμα-

140 2211 224 2256 τική
248 2211 324 2256 (alt.
327 2211 367 2292 )]J
392 2221 481 2246 corr.
516 2221 560 2246 ex
594 2209 739 2250 δίτονος
762 2210 833 2250 M⁴;
867 2209 956 2244 ibam
989 2208 1054 2243 lin.
1081 2211 1135 2242 19.
1284 2210 1338 2241 20.
1364 2206 1400 2242 ol
1425 2206 1466 2241 δὲ

141 2258 306 2294 διάτονοι
369 2268 427 2301 an,
453 2257 493 2292 ἐν
518 2258 558 2292 δὲ
583 2256 742 2313 διατόνῳ
767 2255 852 2291 NB.
937 2259 991 2290 21.
1018 2257 1054 2289 λι
1055 2254 1167 2300 χανὸς
1192 2274 1237 2279 ——
1262 2257 1318 2289 23.
1343 2252 1466 2288 διάτο-

141 2305 219 2351 νος]
244 2305 277 2339 N
327 2331 335 2348 ‚
361 2315 430 2339 om.
450 2303 499 2339 M.
560 2307 614 2339 24.
641 2297 663 2350 ᾗ
682 2316 719 2338 τε
720 2291 899 2348 μεγέθει]
927 2299 949 2346 ἢ
967 2301 1014 2336 τὰ
1031 2268 1168 2346 μεγέθη
1190 2299 1245 2335 W.
1307 2303 1361 2334 25.
1381 2298 1468 2333 Post
