1494 2450
562 44 867 81 FRAGMENTA
1313 44 1400 87 283

42 156 152 199 ὅσον
185 157 380 198 δυνατὸν
411 152 466 209 ἦν
496 161 576 197 τοῦ
608 155 747 197 τόπου
773 154 848 196 διὰ
873 161 964 196 τῶν
989 153 1164 196 ἐκείνου
1186 161 1401 208 κωνικῶν,

41 224 234 277 ἔγραψεν
259 221 341 264 οὐκ
367 219 505 264 εἰπὼν
530 219 655 270 τέλος
679 217 799 275 ἔχειν
823 219 872 261 τὸ
900 219 1203 272 δεικνύμενον.

100 293 166 335 De
195 292 292 336 loeo
323 293 377 335 ad
407 294 494 334 iares
526 292 598 334 uel
629 293 834 347 quattuor
866 289 1001 332 lineas
1033 305 1074 332 u.
1099 288 1293 331 Zeuthen
1318 289 1399 332 Die

39 358 178 403 Lehre
204 372 288 400 von
312 357 395 401 den
420 356 677 414 Kegelsehn.
702 370 743 411 p.
766 355 922 411 126sq.

101 436 168 478 11.
206 435 483 479 Archimedes
516 433 718 485 Quadrata.
749 433 938 489 parabol.
970 448 1091 488 prop.
1121 432 1234 475 1-3
1268 431 1327 489 (II
1359 447 1399 487 p.
1450 440 1470 470 5

39 501 251 557 2662qq.;
277 501 351 544 cfr.
378 500 434 544 ib.
454 499 497 542 II
522 515 563 556 p.
585 499 745 555 350,8;
772 499 872 554 436,
893 497 958 555 3):

98 573 158 615 Εἴ
188 588 242 615 κα
276 567 304 628 ᾗ
338 571 623 627 ὀρθογωνίου
659 572 811 613 κώνου
845 571 977 626 τομά,
1012 569 1081 626 ἐφ’
1113 566 1163 620 ἇς
1198 569 1225 612 ἁ
1252 571 1398 624 ΑΒΓ,

754 634 782 677 ἁ
820 636 870 679 δὲ
908 639 991 679 BA
1033 637 1151 691 παρὰ
1188 636 1270 678 τὰν
1307 636 1399 678 διά-

752 717 911 756 μετρον
944 701 971 756 ἢ
1004 702 1118 744 αὐτὰ
1150 700 1398 756 διάμετρος,

753 766 780 808 ἁ
806 767 855 809 δὲ
875 769 964 810 ΑΓ
980 768 1098 822 παρὰ
1117 768 1199 809 τὰν
1218 767 1327 808 κατὰ
1347 766 1396 808 τὸ
1426 772 1469 803 10

753 834 790 873 Β
809 830 1118 882 ἐπιψαύουσαν
1130 837 1208 882 τᾶς
1220 837 1301 874 τοῦ
1314 831 1397 873 κώ-

751 913 834 940 νου
859 906 1014 951 τομᾶς,
1054 901 1126 939 ἴσα
1153 895 1344 938 ἐσσεῖται
1370 895 1398 938 ἁ

753 966 841 1005 AA
865 967 919 1018 τᾷ
944 964 1045 1004 ΔΓ.
1095 961 1179 1004 κᾶν
1211 962 1284 1004 ἴσα
1317 955 1398 1019 ᾗὰ

754 1031 839 1070 ΑΔ
853 1033 906 1084 τᾷ
920 1030 1016 1082 ΔΓ,
1036 1028 1309 1083 παραλλήλοι
1327 1026 1395 1069 ἐσ-

752 1099 937 1136 σοῦνται
977 1094 1004 1135 ἅ
1041 1109 1087 1135 τε
1126 1096 1169 1134 Α
1178 1095 1219 1134 Γ
1257 1091 1330 1136 καὶ
1369 1092 1396 1135 ἁ
1425 1101 1467 1131 15

236 1116 390 1213 Δ
752 1159 862 1201 κατὰ
886 1159 935 1200 τὸ
957 1161 994 1200 Β
1021 1156 1301 1208 ἐπιψαύουσα
1319 1164 1397 1209 τᾶς

752 1230 833 1266 τοῦ
858 1225 1007 1267 κώνου
1034 1232 1180 1277 τομᾶς.

812 1298 876 1337 Εἴ
889 1311 943 1338 κα
961 1290 989 1350 ᾗ
1009 1295 1295 1351 ὀρθογωνίου
1313 1294 1398 1337 κώ-

107 1384 142 1418 A
358 1388 391 1419 Δ
626 1387 662 1420 Γ
753 1377 836 1404 νου
868 1362 980 1416 τομὰ
1006 1360 1033 1402 ἁ
1060 1362 1208 1415 ΑΒΓ,
1241 1356 1343 1417 ᾗδὲ
1370 1360 1398 1403 ἁ

232 1429 234 1431 ’
753 1426 835 1482 μὲν
878 1429 968 1469 BA
1015 1426 1134 1481 παρὰ
1175 1427 1258 1468 τὰν
1303 1426 1396 1469 διοί-
1423 1432 1468 1464 20

37 1506 200 1546 μετρον
225 1491 251 1545 ἦ
277 1491 389 1534 αὐτὰ
416 1493 662 1547 διάμετρος,
689 1491 716 1534 ἁ
742 1491 791 1534 δὲ
811 1494 946 1534 ΑΔΓ
963 1491 1081 1547 παρὰ
1106 1492 1188 1533 τάν
1213 1492 1322 1534 κατὰ
1346 1492 1395 1533 τὸ

38 1560 75 1599 Β
101 1556 410 1608 ἐπιψαύουσαν
434 1563 510 1607 τᾶς
535 1564 614 1600 τοῦ
640 1559 788 1600 κώνου
814 1563 962 1611 τομᾶς,
989 1556 1016 1598 ἁ
1042 1556 1091 1599 δὲ
1112 1558 1198 1598 ΕΓ
1215 1562 1291 1606 τᾶς
1317 1562 1396 1599 τοῦ

35 1623 183 1664 κώνου
209 1629 342 1678 τομᾶς
369 1622 650 1674 ἐπιψαύουσα
676 1624 785 1665 κατὰ
811 1623 861 1664 τὸ
890 1624 938 1675 Γ,
966 1620 1201 1665 ἑσσοῦνται
1228 1622 1272 1663 αἱ
1303 1625 1396 1676 ΒΔ,

38 1689 118 1729 ΒΕ
144 1691 246 1730 ἴσαι.

99 1759 157 1800 Εἴ
182 1774 237 1801 κα
267 1754 295 1817 ᾖ
331 1759 614 1814 ὀρθογωνίου
641 1760 790 1801 κώνου
816 1760 928 1814 τομὰ
954 1759 982 1801 ἁ
1006 1761 1154 1811 ΑΒΓ,
1186 1758 1213 1800 ἁ
1239 1759 1288 1801 δὲ
1314 1762 1397 1801 BA
1423 1767 1468 1798 ‘25

36 1823 154 1877 παρὰ
190 1824 271 1865 τὰν
310 1824 546 1879 διάμετρον
575 1824 602 1879 ἢ
637 1824 748 1866 αὐτὰ
781 1824 1032 1880 διάμετρος,
1070 1824 1142 1866 καὶ
1177 1823 1401 1879 ἀχθέωντί

37 1903 154 1938 τινες
179 1889 224 1930 αἱ
244 1892 344 1944 ΑΔ,
364 1892 443 1931 ΕΖ
467 1890 586 1944 παρὰ
610 1890 691 1932 τὰν
717 1890 825 1931 κατὰ
850 1891 900 1933 τὸ
922 1893 959 1932 Β
986 1888 1295 1940 ἑπιψαύουσαν
1321 1896 1398 1940 τᾶς

35 1959 116 1995 τοῦ
140 1954 290 1996 κώνου
314 1961 462 2009 τομᾶς,
489 1954 694 2009 ἐσσεῖται,
721 1955 778 2005 ὡς
806 1954 832 1996 ἁ
852 1958 936 1997 BA
961 1953 1062 1997 ποτὶ
1089 1955 1171 1997 τὰν
1190 1957 1294 2009 ΒΖ,
1321 1956 1398 1997 δυα

35 2018 164 2072 νάμει
190 2017 217 2060 ἁ
240 2022 327 2061 ΑΔ
351 2020 453 2062 ποτὶ
478 2020 560 2062 τὰν
585 2023 680 2062 ΕΖ.

96 2089 402 2133 ἀποδέδεικται
447 2088 496 2133 δὲ
540 2097 677 2134 ταῦτα
721 2090 777 2134 ἐν
819 2099 930 2142 τοῖς
972 2097 1220 2141 κωνικοῐς
1258 2103 1396 2134 στοι-
1424 2098 1468 2130 3ο

36 2157 212 2210 χείοις.

100 2232 167 2274 12.
198 2231 474 2275 Archimedes
502 2233 615 2288 Περὶ
636 2236 834 2277 κωνοειδ.
855 2235 928 2276 καὶ
955 2234 1201 2289 σφαιροειὸ.
1229 2248 1350 2288 prop.
1371 2235 1396 2275 3

36 2295 76 2353 (I
102 2311 142 2351 p.
162 2297 261 2349 270,
278 2296 470 2353 15sqq.):
