1494 2450
81 839 122 869 10

79 1159 121 1191 15

75 1481 119 1511 20

97 1923 116 1952 ἴ)

154 90 207 131 78
655 92 959 128 ΦΑΙΝΟΜΕΝΛ

209 202 287 238 τοῦ
312 197 394 249 ἄρα
419 197 525 251 μετὰ
550 198 627 239 τὸν
647 200 872 252 Καρκίνον
895 199 1153 254 ἡμικυκλίου
1179 202 1222 243 αὶ
1250 205 1338 244 ἴσαι
1359 218 1473 257 περι-

151 259 320 315 φέρειαι
357 259 406 302 ἐν
442 260 609 311 ἀνίσοις
645 263 819 316 χρόνοις
849 263 1076 318 δύνουσιν,
1114 263 1184 306 καὶ
1217 264 1263 306 ἐν
1293 268 1474 325 πλείστῳ

150 340 230 378 μεν
261 324 310 365 αἰ
332 325 441 380 πρὸς
465 332 558 375 ταῖς
583 333 798 379 συναφαῖς
822 335 910 369 τῶν
933 336 1169 382 τροπικῶν,
1202 329 1250 371 ἐν
1274 309 1475 374 ἐλάσσονι

151 386 198 429 δε
236 388 281 430 αἱ
317 387 412 442 ἑξῆς
447 390 628 442 τούτων,
666 389 714 431 ἐν
739 390 978 445 ἐλαχίστοις
1009 390 1057 434 δὲ
1088 393 1132 434 αἱ
1163 394 1272 448 πρὸς
1301 399 1359 451 τῷ
1385 395 1474 450 ἰση-

150 457 326 509 μερινῷ,
358 451 406 494 ἐν
438 457 548 502 ἴσοις
582 451 630 495 δε
655 455 700 496 αὶ
724 454 822 496 ἴσον
846 455 1082 510 ἀπέχουσαι
1107 462 1185 498 τοῦ
1212 458 1474 514 ῐσημερινοῦζ

150 516 308 570 ὁμοίως
344 517 397 571 δὴ
435 517 648 572 δείξομεν,
686 519 752 560 ὅτι
788 519 859 561 καὶ
896 519 943 561 ἐν
979 520 1058 576 ἴσῳ
1095 522 1237 577 χρόνῳ
1275 521 1474 577 ἀλλήλαις

149 580 472 623 ἀνατέλλουσιν.

781 704 847 742 ιγ.

216 770 303 810 Τοῦ
339 769 444 823 μετὰ
480 769 556 810 τὸν
590 771 843 826 Αἰγόκερων
874 771 1132 824 ἡμικυκλίου
1163 773 1207 814 αἱ
1238 773 1326 814 ἴσαι
1357 789 1473 827 περιά

150 831 319 886 φέρειαι
352 831 399 874 ἐν
429 831 596 883 ἀνίσοις
627 835 800 888 χρόνοις
831 834 1159 888 ἀνατέλλουσιν,
1191 835 1260 878 καὶ
1288 837 1335 878 ἐν
1359 839 1473 880 nist-2

148 906 266 945 στοις
289 896 368 949 μὲν
388 897 431 938 αἱ
450 898 560 951 πρὸς
578 904 671 947 ταῖς
690 906 907 952 συναφαῖς
928 906 1016 940 τῶν
1033 908 1262 956 τροπικῶν,
1287 899 1335 943 ἐν
1353 900 1472 944 ἐλάτ-

152 971 242 1001 σοσι
274 960 323 1002 δὲ
354 961 396 1002 αἱ
429 959 524 1016 ἑξῆς
554 962 742 1016 τούτων,
779 961 827 1004 ἐν
858 962 1097 1042 ἐλαχίστοις
1129 962 1177 1006 δε
1207 966 1251 1006 αἱ
1281 966 1388 1020 πρὸς
1412 969 1494 1023 τῷῚ

149 1025 396 1080 ἰσημερινῳ,
427 1023 476 1066 ἐν
507 1029 620 1075 ἴσοις
651 1023 699 1068 δὲ
730 1027 778 1068 αι
801 1030 898 1068 ἴσον
923 1026 1156 1081 ἀπέχουσαι
1181 1034 1259 1069 τοῦ
1286 1009 1474 1089 ἰσημεριῆ

147 1093 228 1129 νοῦ
253 1089 324 1130 καὶ
350 1088 536 1131 δύνουσι
561 1089 633 1131 καὶ
658 1090 979 1133 ἀνατέλλουσιν.

204 1150 314 1194 ἔστω
346 1152 394 1194 ἐν
424 1154 569 1211 κόσμῳ
596 1153 792 1210 ὁρίζων
775 1171 797 1196 ο
823 1157 966 1208 ΑΒΓ,
996 1157 1173 1211 θερινὸς
1199 1154 1246 1198 δὲ
1270 1158 1494 1211 τροπικὸς,

148 1216 169 1258 ὁ
191 1219 233 1257 Α
240 1219 297 1270 Ε,
322 1218 563 1272 χειμερινὸς
589 1216 637 1260 δὲ
661 1220 865 1274 τροπικὸς
890 1219 912 1261 ὁ
936 1221 1036 1273 ΓΖ,
1062 1222 1309 1276 ἰσημερινὸς
1329 1221 1351 1263 ὁ
1372 1225 1472 1276 ΒΔ,
1492 1256 1494 1262 ,

147 1280 169 1318 ὅ
196 1278 244 1322 δε
268 1288 356 1323 τῶν
382 1283 548 1339 ζῳδίων
573 1283 728 1332 κύκλος
753 1282 883 1325 θέσιν
909 1283 1035 1338 ἐχέτω
1061 1284 1140 1338 τὴν
1165 1288 1207 1326 A
1216 1287 1265 1326 H
1268 1287 1368 1338 ΓΘ,
1400 1286 1469 1328 καὶ
1492 1314 1494 1323 ‹

146 1342 254 1386 ἔστω
293 1346 340 1387 τὸ
377 1346 482 1400 μετὰ
519 1347 596 1388 τὸν
621 1347 875 1401 Αἰγόκερων
910 1348 1163 1402 ἡμικύκλιον
1191 1348 1276 1391 ὑπὸ
1307 1356 1390 1404 γῆν
1421 1351 1473 1392 τὸ·

149 1409 305 1462 ΓΗΑ,
341 1409 412 1451 καὶ
438 1410 663 1466 διῃρήσθω
691 1409 892 1465 ἑκάτερον
916 1418 1004 1453 τῶν
1028 1412 1112 1454 ὑπὸ
1144 1419 1225 1467 γῆν
1253 1415 1357 1467 ΓΗ,
1383 1416 1469 1456 ΗΑ
1492 1418 1494 1430 ¹

144 1474 490 1528 τεταρτημορίων
515 1475 576 1524 εἰς
601 1475 652 1516 τὰ
678 1472 806 1532 ζῴδια
825 1477 931 1517 κατὰ
946 1476 1002 1518 τὰ
1023 1478 1076 1529 Κ,
1099 1479 1147 1531 Λ,
1168 1480 1229 1531 M,
1250 1480 1309 1518 Ν·
1345 1477 1468 1532 λέγω,
1492 1508 1494 1537 .

145 1619 339 1665 συναφαῖς
369 1622 446 1655 τῶν
471 1623 676 1669 τροπικῶν,
708 1617 749 1656 ἐν
773 1617 970 1658 ἕλλάσσοσι
995 1617 1036 1658 δὲ
1061 1619 1104 1657 αἱ
1125 1618 1211 1670 ἑξῆς
1236 1620 1395 1671 τούτων,
1425 1619 1468 1660 ἐν

144 1673 350 1725 ἐλαχίστοις
383 1673 424 1714 δὲ
457 1675 502 1714 αι
522 1673 619 1728 πρὸς
644 1679 695 1732 τῷ
718 1675 936 1732 ἰσημερινῷ,
966 1676 1008 1716 ἐν
1035 1677 1130 1724 ἴσοις
1155 1676 1196 1717 δὲ
1221 1678 1297 1716 αἶ’
1286 1678 1371 1718 ι’σον
1395 1678 1470 1718 ἀπ·
1493 1697 1494 1735 3

143 1731 296 1783 ἔχουσαι
323 1739 392 1772 τοῦ
419 1733 644 1786 ἰσημερινοῦ
668 1734 812 1773 κύκλου
837 1734 901 1774 καὶ
922 1735 1084 1774 δύνουσι
1102 1734 1166 1774 καὶ
1185 1734 1467 1777 ἀνατέλλουσιν.
1492 1786 1494 1797 2

688 1857 864 1893 Receneio
891 1859 925 1894 b.

201 1915 260 1970 ιγ’.
303 1921 379 1957 Τοῦ
412 1918 503 1969 μετὰ
534 1919 600 1958 τὸν
626 1920 850 1973 Αἰγόκερων
881 1919 1112 1972 ἡμικυκλίου
1142 1922 1186 1960 αἰ
1207 1922 1286 1961 ἴσαι
1309 1921 1465 1974 περιφέ-
1493 1913 1494 1924 ¹

142 1990 241 2027 ρειαι
275 1975 316 2014 ἐν
347 1975 496 2023 ἀνίσοις
526 1978 678 2029 χοόνοις
709 1977 993 2030 ἀνατέλλουσιν,
1027 1978 1091 2018 καὶ
1115 1979 1157 2019 ἐν
1182 1981 1369 2028 πλείστοις
1395 1979 1464 2032 μὲν
1492 1984 1494 2031 j

142 2034 185 2072 αἱ
205 2034 303 2085 πρὸς
327 2038 411 2081 ταῖς
435 2040 630 2085 συναφαῖς
655 2042 732 2075 τῶν
756 2043 962 2089 τροπικῶν,
987 2036 1030 2076 ἐν
1053 2036 1228 2077 &aciacum
1253 2036 1294 2077 δε
1318 2039 1363 2078 αἱ
1376 2037 1464 2093 ἒξῇς

142 2092 299 2141 τούτων,
330 2092 372 2131 ἕν
396 2091 603 2145 ἐλαχίστοις
629 2092 669 2133 δὲ
695 2095 739 2133 αἱ
759 2095 854 2146 πρὸς
880 2111 930 2150 τῳ
957 2095 1174 2150 ἰσημερινῷ,
1199 2095 1240 2134 ἐν
1266 2097 1333 2151 ἴσῳ
1359 2095 1399 2135 δὲ
1423 2097 1469 2136 αἱ

199 2289 232 2314 a.
270 2283 301 2313 2.
334 2278 488 2326 ἀνίσοις]
515 2281 605 2322 ἴσοις
629 2292 660 2316 a..
710 2282 961 2339 5.a1]nupra
986 2294 1031 2317 m.
1062 2287 1078 2317 1
1106 2282 1148 2318 V.
1199 2287 1251 2319 19.
1278 2283 1461 2330 ἑκάτερον]
1492 2270 1494 2292 ³

140 2325 278 2361 addidi.
327 2331 399 2361 τῶν
425 2347 467 2353 -
494 2330 549 2362 20.
573 2327 878 2374 τεταρτημορίων]
902 2327 943 2363 τό
970 2349 1011 2354 -
1038 2330 1363 2374 τεταρτομόριονα
1367 2359 1373 2365 .

1491 2361 1494 2374 Ι
