1456 2456
1420 0 1456 50 ,ῗῖ

107 56 203 91 XLII
592 54 949 90 PROLEGOMENA
1439 94 1456 132 t

1436 113 1446 140 νζ

165 172 211 195 ne
228 160 346 205 plura,
363 171 427 194 suo
441 159 597 204 quisque
612 161 739 194 utatur
755 159 924 202 arbitri03
942 159 1113 203 equidem
1127 139 1456 209 profiteriausimss!

110 213 333 256 Sectionem,
359 211 479 256 qualis
504 212 543 246 in
567 212 737 247 manibus
762 212 896 247 nostris
923 213 994 254 est,
1022 222 1094 246 non
1118 212 1233 257 ipsius
1259 223 1338 247 esse
1362 206 1456 266 Emi}

110 266 215 300 clidis
245 276 287 300 ac
317 264 437 310 potius
469 275 512 299 ex
542 264 768 309 plenioribus
799 264 875 298 illis
902 264 1063 298 musicae
1093 264 1308 308 Elementis,
1339 266 1456 309 quas‘ffts

108 317 255 352 Proclus
287 318 325 352 et
354 316 516 351 Marinus
546 318 849 359 commemorant,
881 316 928 351 ab
959 316 1105 351 homine
1135 327 1207 351 non
1239 307 1456 353 admodum?

110 370 235 414 sagaci
269 369 512 414 diligentique
546 369 699 413 petitam
733 379 811 404 esse
845 370 882 403 et
916 371 1133 413 excerptam.
1180 370 1277 414 quod
1312 371 1451 426 autem}

108 433 241 456 nomen
267 433 374 456 suum
397 421 508 455 titulo
533 432 606 456 non
631 421 788 463 addidit,
812 432 918 456 nemo
944 421 1014 455 erit
1038 421 1102 465 qui
1125 421 1328 456 mirabitur.
1446 427 1451 429 ‘

166 474 346 518 Deinceps
371 473 558 508 videamus
585 473 630 507 de
654 473 864 508 libellorum
889 473 1088 509 codicibus.

168 538 212 561 ex
230 527 288 569 iis,
308 537 403 571 quae
420 526 483 560 Ian
502 525 540 560 in
554 525 825 571 prolegomenis
846 526 891 561 de
911 525 1097 561 codicibus
1110 526 1224 560 MNB
1236 526 1282 560 W
1295 537 1435 561 eorum·
1454 536 1455 539 ’

110 590 180 623 que
202 578 420 623 cognatione
440 578 520 613 fuse
545 579 583 612 et
608 580 778 613 accurate
798 579 974 622 disputat,
999 578 1059 613 hic
1077 580 1242 623 repetere
1264 578 1366 623 libet,
1392 578 1446 613 il-¹

109 631 164 666 los
183 642 226 667 ex
247 631 375 667 eodem
395 630 595 675 archetypo
615 641 784 665 manasse
803 641 928 665 omnes
947 632 1060 674 atque
1077 630 1115 664 M
1135 630 1339 676 principem
1357 601 1456 672 esse}

109 686 146 718 et
165 685 287 718 aetate
307 685 344 718 et
365 683 558 727 dignitate,
584 682 618 717 N
636 693 721 718 vero
739 683 929 728 proprium
947 693 1103 727 eumque
1122 684 1310 728 egregium
1328 676 1456 727 libel-i

108 736 225 770 lorum
244 735 503 770 Euclideorum
521 735 672 778 fontem,
698 747 780 770 cum
799 736 833 769 N
857 737 980 770 autem
999 735 1132 770 artiore
1154 734 1456 782 necessitudinis}

109 788 253 823 vinculo
280 789 515 823 coniunctum
541 788 651 832 atque
676 787 827 823 fratrem
852 788 929 823 eius
951 788 1008 822 vel
1033 788 1299 823 consobrinum.
1336 784 1456 834 (ποῶ-ξ

109 853 188 876 cem
201 841 248 875 W
267 841 426 884 denique
443 841 509 875 Ian
528 840 666 885 optimo
685 840 764 875 iure
785 840 876 875 dicit
896 840 935 874 in
955 840 1121 875 Sectione
1144 842 1208 875 aut
1232 841 1352 885 ipsum
1372 842 1436 876 aut
1448 857 1456 869 a

111 893 188 928 eius
215 894 457 937 archetypum
483 904 501 927 e
527 892 664 927 codicis
689 892 727 927 M
751 892 957 937 propinquo
982 893 1141 936 quodam
1166 892 1345 938 originem
1371 891 1456 938 dm}

109 957 204 988 cere,
236 946 274 980 in
298 946 572 980 Introductione
602 946 729 980 contra
763 945 808 979 ab
835 944 872 978 M
898 944 1046 989 optimis
1073 944 1294 980 lectionibus
1320 932 1456 994 disce-1}

110 999 238 1044 dere.¹)
273 999 372 1043 quod
391 1009 473 1032 cum
492 998 545 1032 ita
564 998 624 1041 sit,
649 999 772 1032 tamen
792 1007 835 1031 ex
854 997 900 1031 iis
919 1008 991 1031 non
1011 1008 1102 1041 sum,
1121 998 1184 1041 qui
1198 998 1244 1031 W
1258 998 1438 1042 potiorem
1448 1003 1456 1039 ,i

110 1061 189 1086 esse
214 1053 389 1086 censeant
414 1051 539 1086 codice
565 1050 612 1085 M.

168 1115 250 1138 cum
270 1115 289 1138 e
309 1103 388 1138 cod.
402 1103 513 1137 Marc.
529 1106 609 1146 3122,
632 1102 782 1136 membr.
803 1114 829 1137 s.
844 1102 909 1137 XV
923 1102 993 1146 (U),
1013 1113 1078 1147 pro
1098 1113 1170 1146 quo
1189 1104 1252 1137 Ian
1271 1103 1438 1147 Lipsien-
1450 1100 1456 1128 ἶ’

109 1167 186 1190 sem
206 1159 249 1190 25
269 1155 323 1200 (L)
346 1156 385 1189 in
404 1154 690 1190 Introductionis
710 1155 930 1199 adparatum
949 1154 1152 1198 substituit,
1177 1166 1351 1200 magnum
1370 1167 1437 1189 nu·
1454 1185 1456 1188 .

108 1219 250 1243 merum
275 1208 443 1243 codicum
467 1207 614 1242 fluxisse
640 1208 784 1242 constet
809 1208 854 1250 (v.
877 1207 943 1241 Ian
967 1219 1002 1251 p.
1017 1206 1195 1242 LXXXVI
1208 1209 1292 1251 sq.),
1325 1207 1456 1252 scrip-2

108 1261 211 1295 tutas
236 1261 314 1295 eius
339 1260 385 1295 ab
405 1260 484 1295 Iani
509 1259 699 1305 scripturis
726 1259 975 1304 discrepantes
999 1259 1174 1302 adferam,
1200 1260 1256 1302 iis,
1282 1270 1376 1304 quae
1398 1256 1456 1294 in³

109 1313 141 1347 U
161 1324 272 1358 supra
297 1313 353 1347 vel
378 1325 450 1358 mg.
473 1315 584 1347 rubro
610 1312 729 1347 colore
755 1311 890 1356 scripta
915 1312 1010 1355 sunt,
1035 1311 1182 1346 stellula
1207 1312 1376 1356 adposita
1401 1314 1438 1346 et

111 1366 241 1400 addito
267 1366 352 1411 (W),
377 1366 443 1400 ubi
467 1365 516 1399 W
541 1376 623 1400 cum
647 1365 680 1400 U
705 1364 888 1409 congruit:
1454 1393 1456 1408 ἶ

166 1430 201 1463 p.
216 1422 324 1461 186‚1
345 1418 397 1464 τε]
419 1429 500 1461 om.,
525 1417 616 1452 item
640 1417 704 1452 lin.
720 1421 740 1451 3
760 1416 834 1461 (W)
884 1419 903 1449 2
930 1415 985 1461 δέ]
1012 1414 1053 1450 δέ
1073 1416 1145 1451 ἐστι
1164 1415 1238 1460 (W)
1289 1420 1308 1450 3
1333 1416 1437 1458 τάξιν

109 1477 181 1506 τῶν
195 1469 439 1516 συγκειμένων
453 1470 535 1516 ἔχον
544 1470 620 1514 (W)
662 1482 698 1514 p.
709 1472 787 1512 188,
796 1472 816 1502 3
830 1469 992 1514 τιθεῖσα]
1004 1471 1164 1503 τιθεῖται
1177 1468 1254 1512 (sic)
1298 1473 1319 1503 4
1331 1481 1438 1513 μετα-

110 1523 246 1570 βάσεις]
274 1522 478 1563 διαστάσεις
496 1521 712 1568 μεταβάσεις
730 1521 791 1567 (W
802 1521 839 1566 ²³)
888 1525 908 1556 5
933 1520 978 1556 τὰ
998 1520 1050 1566 δέ]
1071 1521 1111 1556 δὲ
1129 1520 1174 1555 τὰ
1194 1521 1268 1565 (W)
1317 1525 1336 1555 6
1360 1519 1437 1557 ἐπί-

109 1586 210 1616 τασις
234 1575 276 1611 δέ
300 1576 374 1611 ἐστι
399 1575 462 1610 καὶ
488 1574 611 1615 ἄνεσις
634 1574 675 1610 τὸ
701 1573 926 1618 ἀποτέλεσμα
950 1573 991 1608 δὲ
1016 1572 1106 1618 (δέ’)
1130 1573 1267 1608 τούτων
1293 1573 1436 1618 ὀξύτητι

109 1629 173 1663 καὶ
197 1628 388 1674 βαρύτητι;
414 1637 545 1671 supra:
572 1626 702 1671 ὀξύτης
725 1627 788 1661 καὶ
813 1626 994 1672 βαρύτης*
1020 1625 1170 1670 (cfr.W)
1221 1629 1262 1659 12
1290 1623 1341 1671 αἱ]
1366 1637 1436 1661 om.

113 1685 154 1715 13
175 1681 395 1726 καθαπτῶν]
416 1678 506 1714 καθ’
523 1679 644 1714 αὐτῶν
658 1679 731 1724 (W)
779 1691 814 1723 p.
826 1682 903 1723 190,
915 1682 934 1712 6
953 1677 1071 1724 τρίτη]
1090 1678 1239 1722 supra*;
1259 1677 1297 1712 in
1316 1680 1435 1713 textu:

171 1793 204 1835 1)
229 1791 428 1835 Postquam
453 1790 592 1825 cod.W
614 1801 730 1835 nuper
754 1790 892 1825 Romae
916 1789 1048 1824 iterum
1073 1788 1226 1833 inspexi,
1251 1789 1436 1824 nonnullis

111 1838 190 1872 eius
215 1837 405 1882 scripturis
424 1837 503 1872 Iani
528 1837 748 1882 adparatum
773 1837 859 1871 auxi
883 1838 927 1882 (v.
946 1848 982 1881 p.
999 1839 1075 1879 158,
1090 1839 1150 1877 293
1179 1838 1256 1878 170,
1271 1839 1331 1876 26,
1359 1839 1437 1878 186,

112 1887 202 1927 3,4;
235 1888 312 1927 188,
333 1888 364 1927 3,
386 1887 423 1926 63
457 1887 610 1927 190,183
643 1887 720 1925 192,
741 1887 796 1926 26,
817 1886 879 1925 293
905 1886 1062 1926 196,26;
1096 1885 1250 1924 200,14;
1282 1885 1436 1925 202,14;

112 1934 191 1974 204,
205 1934 266 1974 233
287 1934 565 1974 206,12,13,17‚
581 1933 643 1973 2ος
663 1933 741 1972 208,
756 1934 817 1972 28;
838 1932 1049 1973 212,13,18,
1064 1932 1124 1970 223
1145 1932 1223 1971 214,
1237 1932 1291 1972 11,
1306 1932 1361 1970 22,
1375 1931 1437 1970 24;

113 1981 192 2020 216,
206 1981 238 2020 4,
255 1981 313 2020 193
341 1980 420 2019 218,
435 1978 485 2020 3);
511 1977 604 2011 alias
626 1978 663 2011 et
687 1977 765 2021 ipse
786 1987 868 2011 cum
887 1976 973 2010 Iano
993 1974 1098 2009 omisi
1123 1985 1165 2009 ac
1186 1976 1271 2008 sunt
1289 1975 1437 2018 quidem

112 2023 197 2059 hae:
223 2036 258 2069 p.
276 2027 353 2066 158,
368 2027 387 2059 3
414 2023 510 2066 μέλει
558 2035 593 2068 p.
611 2026 688 2067 188,
702 2027 722 2057 2
749 2023 918 2069 κινεῖται]
943 2035 981 2057 m
1000 2041 1043 2047 —
1062 2021 1130 2056 ins.
1150 2033 1197 2055 m.
1218 2024 1249 2055 2.
1301 2025 1378 2064 192,
1394 2025 1435 2055 12

112 2069 329 2115 ἐναρμόνιος
376 2081 462 2112 om.,
494 2070 583 2104 item
614 2068 747 2114 p.194,'
766 2073 808 2104 12
880 2081 914 2114 p.
931 2072 1014 2111 194,
1033 2071 1075 2102 13
1106 2067 1315 2113 παρανήτη]
1347 2067 1436 2112 νήτη

111 2116 319 2164 χρωματική
360 2127 429 2151 0111.
482 2120 523 2150 14
549 2116 735 2162 διάτονος]
761 2127 830 2151 om.
879 2120 921 2150 21
942 2113 1081 2154 ἑστότες
1105 2126 1141 2159 p.
1157 2117 1234 2157 200,
1251 2119 1267 2148 1
1290 2113 1436 2160 ὁμοίως]

112 2163 298 2199 ἀνάπαλιν
360 2167 402 2197 16
428 2161 450 2207 ἢ
475 2163 663 2209 χρώματος
687 2163 749 2197 καὶ
774 2160 964 2207 ἁρμονίας]
992 2172 1061 2196 om.
1129 2163 1172 2195 27
1198 2158 1277 2207 μία]
1303 2159 1390 2205 μίαν

112 2214 297 2255 p.214,19
321 2211 384 2257 τῳ]
409 2208 460 2245 τό.

173 2259 206 2302 2)
233 2257 272 2292 In
297 2256 478 2301 adparatu
503 2266 622 2291 errore
647 2255 764 2291 omisi.
