1494 2450
33 0 58 56 ’θ’
587 32 892 68 FRAGMENTA
1330 32 1418 74 243

31 150 61 199 ξε·
121 141 322 185 XXVIII.
348 141 416 185 ὅτι
441 142 521 197 ἥδε
546 142 644 197 ἤτοι
670 141 790 196 παρὰ
814 141 940 184 θέσει
967 140 1088 183 ἐστὶν
1113 140 1139 196 ἢ
1164 141 1272 196 μετά
1296 156 1418 192 τινος

35 207 241 275 ξρεὐθείας
263 196 356 250 ’ἐπὶ
399 205 540 250 δοθὲν
583 207 802 261 νευούσης
840 207 1056 250 δοθεῖσαν
1098 206 1291 263 περιέχει
1333 223 1417 262 γω-

35 274 175 316 {rviam

119 348 209 406 ἔχει
234 348 283 393 δὲ
308 351 362 392 τὰ
386 353 486 407 τρία
512 350 663 406 βιβλία
688 358 779 392 τῶν
799 351 1098 406 Πορισμάτων
1124 351 1324 405 λήμματα
1350 339 1416 405 ἶῆ,

20 415 171 477 Ιμοιύικῖι
197 416 246 458 δὲ
270 415 573 472 θεωρημάτων
599 413 720 458 ἐστὶν
747 418 846 471 ρᾶῖ.
1470 427 1483 435 ”

19 484 37 547 3
119 492 184 534 De
227 493 310 536 hoc
352 492 449 535 loco
499 492 572 534 cfr.
620 492 800 534 Studien
850 493 954 535 iiber
997 492 1123 534 Eukl.
1161 509 1200 548 p.
1234 493 1292 535 64
1311 507 1414 548 sqq„

17 566 100 614 FP·
128 558 182 599 72
197 573 287 613 sqq.

130 759 167 802 6.
200 758 374 815 Pappus
400 762 570 813 Συναγ.
586 759 671 802 VII
694 759 777 802 193
804 775 844 815 p.
865 760 965 815 866,
988 761 1008 802 1
1024 774 1115 816 sqq.

447 962 670 1004 Lemmata
696 962 749 1004 ad
775 961 1025 1005 porismata.

485 1069 785 1126 Πορισμάτων
811 1068 849 1112 α’
872 1070 912 1124 β’
932 1068 982 1124 γ’.
1440 1080 1484 1110 10

293 1179 382 1220 Τοῦ
407 1179 585 1234 πρώτου
614 1178 676 1227 εἰς
701 1179 750 1220 τὸ
777 1185 954 1233 πρῶτον
979 1179 1185 1233 πόρισμα.

0 1274 12 1310 3*
37 1292 41 1327 Ῑ
113 1280 165 1327 α’.
185 1282 328 1327 ’Ἑστω
353 1286 614 1341 καταγραφὴ
640 1285 666 1339 ἡ
693 1288 736 1327 A
744 1288 781 1327 B
791 1287 920 1327 ΓΔΕ
929 1287 1036 1339 ΖΗ,
1062 1283 1134 1326 καὶ
1154 1282 1280 1339 ἔστω,
1306 1285 1365 1335 ὡς
1384 1286 1411 1340 ἡ

570 1358 573 1359 ’
722 1353 811 1392 ΛΖ
836 1350 946 1405 πρὸς
970 1351 1052 1405 τὴν
1081 1353 1188 1402 ΖΗ,
1218 1350 1359 1401 οὕτως
1383 1351 1410 1406 ἡ

723 1422 810 1459 ΑΔ
841 1417 951 1471 πρὸς
976 1416 1056 1470 τὴν
1082 1418 1184 1469 ΛΓ,
1215 1414 1288 1458 καὶ
1315 1415 1410 1458 ἐπε-

721 1483 889 1538 ζεύχθω
925 1482 951 1536 ἡ
989 1483 1097 1523 ΘΚ·
1143 1481 1209 1523 ὅτι
1243 1481 1410 1537 παράλ-
1438 1482 1481 1520 15

719 1549 850 1603 ληλός
877 1547 998 1589 ἐστιν
1023 1547 1050 1601 ἡ
1080 1548 1170 1588 ΘΚ
1190 1552 1242 1602 τῇ
1270 1549 1370 1589 ΑΓ.

785 1614 909 1669 ἤχθω
946 1612 1019 1654 διὰ
1054 1617 1134 1654 τοῦ
1170 1614 1205 1652 Ζ
1241 1617 1293 1667 τῇ
1326 1614 1410 1654 ΒΔ

718 1680 998 1735 παράλληλος
1022 1677 1049 1731 ἡ
1078 1679 1169 1718 ΖΛ.

785 1743 877 1786 ἐπεὶ
903 1740 987 1785 οὗν
1013 1740 1154 1795 ἐστιν,
1181 1741 1241 1791 ὡς
1265 1742 1292 1796 ἡ
1319 1745 1408 1784 ΑΖ

717 1811 827 1866 πρὸς
852 1810 934 1864 τὴν
961 1810 1070 1862 ΖΗ,
1103 1806 1243 1857 οὕτως
1268 1807 1294 1862 ἡ
1321 1811 1408 1850 ΑΔ
1435 1816 1479 1848 20

719 1875 829 1932 πρὸς
855 1875 936 1929 τὴν
962 1875 1064 1927 ΔΓ,
1090 1871 1310 1914 ἀνάπαλιν
1334 1871 1407 1915 καὶ

718 1940 933 1984 συνθέντι
958 1938 1032 1981 καὶ
1056 1937 1242 1989 ἐναλλάξ
1268 1936 1402 1992 ἐστιν,

717 2008 776 2058 ὡς
795 2007 922 2062 ἡΔΑ
940 2005 1051 2060 πρὸς
1069 2004 1151 2058 τὴν
1164 2006 1262 2054 ΑΖ,
1279 2019 1407 2046 τουτ-

722 2072 842 2115 ἐστιν
886 2070 935 2113 ἐν
961 2071 1241 2126 ’παραλλήλῳ
1284 2069 1342 2119 ὡς
1379 2069 1405 2123 ἡ

49 2137 134 2177 ΒΑ
164 2136 274 2191 πρὸς
304 2138 384 2192 τὴν
411 2141 513 2192 ΑΛ,
548 2139 689 2189 οὕτως
720 2138 746 2193 ἡ
776 2140 855 2180 ΓΑ
889 2137 1000 2192 πρὸς
1031 2135 1111 2189 τὴν
1138 2137 1256 2176 AH·
1297 2148 1406 2189 παρ-
1432 2144 1476 2175 25

111 2268 141 2298 1.
168 2262 236 2309 ἥδε
261 2264 356 2311 ἤτοι]
382 2266 542 2302 Hultsch
566 2267 607 2303 in
631 2267 756 2303 indice
779 2279 806 2302 s.
827 2279 860 2302 v.
885 2264 1108 2310 παράθεσις,
1134 2265 1285 2308 ηδεντοι
1309 2263 1402 2306 cod„

49 2308 117 2356 ἥδε
142 2310 224 2355 ἤτοι
249 2311 290 2347 ἐν
315 2313 461 2358 Halley.

1118 2379 1188 2413 16*
