1456 2456
79 86 111 119 X
605 83 873 119 PRAEFATIO

81 192 301 233 arbitrium
319 192 489 244 venerik,
509 191 777 232 meminerint
793 190 919 233 velim
929 189 1128 244 Vibruvfi,
1146 191 1218 245 qui
1235 190 1404 246 quidem

81 255 143 297 De
169 256 446 297 arehiizeebura
469 255 521 309 V,
539 255 566 296 4
593 253 650 309 (p.
668 255 803 307 101,4
818 269 906 309 sqq.
932 254 994 296 ed.
1013 253 1182 311 Krohn)
1209 255 1404 297 ‘Harmo-

80 320 200 372 nice'‚
227 320 378 373 inquit,
402 320 481 360 ‘est
505 319 665 360 musica
689 318 927 360 litterassura
952 318 1128 360 obscura
1153 322 1195 361 et
1219 319 1404 361 difficilis

79 408 137 414 --
156 407 213 413 ——
234 407 300 424 —.
333 397 458 436 quam
484 383 520 424 si
539 384 734 424 volumus
760 382 981 436 explicare,
1004 396 1171 424 neeesse
1196 386 1259 424 est
1278 384 1404 425 essiam

81 447 241 503 graecis
277 447 416 488 verbis
454 447 535 501 ussi,
578 447 691 500 quod
723 447 926 488 nonnulla
959 461 1103 488 eorum
1136 446 1286 488 latinas
1320 461 1404 488 non

79 511 237 553 habent
262 511 592 566 appellationes’.

138 575 271 617 Uneis
297 576 362 628 <>
386 574 548 628 inclusi,
575 589 680 628 quae
704 573 780 616 Ian
806 590 827 616 e
852 589 927 616 sua
951 575 1018 616 vel
1042 574 1219 617 aliorum
1245 575 1404 617 coniec-

80 642 175 680 tura
203 638 381 692 addidit,
411 639 531 680 uncis
558 638 605 693 []
638 639 954 693 circumscripta
979 642 1093 694 sunss,
1126 654 1230 693 quae
1263 639 1405 694 spuria

80 717 170 744 esse
196 703 356 744 statuit.

138 766 394 821 Fragmenta
426 768 597 822 collegit
628 770 669 809 et
698 767 908 821 disposuit
932 766 969 808 J.
988 767 1033 808 L.
1055 765 1251 822 Heiberg.
1291 767 1405 821 equi-

82 830 174 871 dem
194 831 275 872 tria
295 831 454 872 scholia
473 831 665 885 adnexui,
691 831 773 873 duo
794 846 815 872 e
834 830 1026 873 cod Vat.
1041 829 1108 872 Gr.
1125 831 1248 885 1038,
1273 846 1403 872 unum

82 909 103 935 e
129 895 216 935 cod.
231 894 325 935 Vat.
347 893 415 936 Gr.
435 895 530 936 204.

1091 952 1150 996 H.
1170 952 1344 1005 Menge.

143 1087 175 1129 1)
201 1085 254 1120 De
279 1085 461 1129 scriptura
487 1085 714 1128 sesquealter
738 1087 821 1120 cett.
851 1097 881 1120 v.
908 1084 1082 1128 Skutsch,
1107 1084 1209 1119 Neue
1233 1084 1356 1119 Jahrb.
1378 1085 1402 1119 f.

81 1131 212 1167 Philol.
238 1132 364 1177 Suppl.
384 1131 516 1166 XXVII
543 1144 578 1176 p.
599 1135 643 1166 88
668 1133 742 1167 not.
764 1136 784 1166 2
816 1133 853 1166 etz
883 1131 994 1166 Cicer.
1021 1132 1211 1166 Paradoxa
1236 1133 1319 1166 cett.
1346 1132 1402 1166 ed.

82 1178 121 1213 O.
143 1178 318 1224 Plasberg
343 1181 461 1224 (1908)
487 1178 618 1214 Fuso]
643 1182 768 1223 p.172‚
783 1182 804 1212 8
830 1189 859 1213 c.
879 1180 954 1213 not.
