<?xml version="1.0" encoding="UTF-8"?>
<!DOCTYPE html PUBLIC "-//W3C//DTD XHTML 1.0 Transitional//EN"
    "http://www.w3.org/TR/xhtml1/DTD/xhtml1-transitional.dtd">
<html xmlns="http://www.w3.org/1999/xhtml" xml:lang="en" lang="en">
 <head>
  <title>
</title>
<meta http-equiv="Content-Type" content="text/html;charset=utf-8" />
  <meta name='ocr-system' content='tesseract 3.04.00' />
  <meta name='ocr-capabilities' content='ocr_page ocr_carea ocr_par ocr_line ocrx_word'/>
</head>
<body>
  <div class='ocr_page' id='page_1' title='image "./euclidisoperaomn08eucluoft_0294.png"; bbox 0 0 1494 2450; ppageno 0'>
   <div class='ocr_carea' id='block_1_1' title="bbox 74 826 116 856">
    <p class='ocr_par' dir='ltr' id='par_1_1' title="bbox 74 826 116 856">
     <span class='ocr_line' id='line_1_1' title="bbox 74 826 116 856; baseline -0.024 0"><span class='ocrx_word' id='word_1_1' title='bbox 74 826 116 856; x_wconf 94' lang='lat'><em>10</em></span> 
     </span>
    </p>
   </div>
   <div class='ocr_carea' id='block_1_2' title="bbox 71 1146 113 1176">
    <p class='ocr_par' dir='ltr' id='par_1_2' title="bbox 71 1146 113 1176">
     <span class='ocr_line' id='line_1_2' title="bbox 71 1146 113 1176; baseline -0.024 0"><span class='ocrx_word' id='word_1_2' title='bbox 71 1146 113 1176; x_wconf 87' lang='lat'><em>15</em></span> 
     </span>
    </p>
   </div>
   <div class='ocr_carea' id='block_1_3' title="bbox 69 1465 113 1495">
    <p class='ocr_par' dir='ltr' id='par_1_3' title="bbox 69 1465 113 1495">
     <span class='ocr_line' id='line_1_3' title="bbox 69 1465 113 1495; baseline 0 0"><span class='ocrx_word' id='word_1_3' title='bbox 69 1465 113 1495; x_wconf 82' lang='lat'><em>20</em></span> 
     </span>
    </p>
   </div>
   <div class='ocr_carea' id='block_1_4' title="bbox 143 0 1494 267">
    <p class='ocr_par' dir='ltr' id='par_1_4' title="bbox 143 0 1494 267">
     <span class='ocr_line' id='line_1_4' title="bbox 143 0 1494 267; baseline -0.009 -169"><span class='ocrx_word' id='word_1_4' title='bbox 143 56 227 98; x_wconf 81' lang='grc'><em>236</em></span> <span class='ocrx_word' id='word_1_5' title='bbox 658 56 956 94; x_wconf 79' lang='lat' dir='ltr'><strong>FRAGMENTA</strong></span> <span class='ocrx_word' id='word_1_6' title='bbox 1347 51 1356 56; x_wconf 72' lang='grc'><em>”</em></span> <span class='ocrx_word' id='word_1_7' title='bbox 1412 0 1494 267; x_wconf 45' lang='grc' dir='ltr'><em>ξι</em></span> 
     </span>
     <span class='ocr_line' id='line_1_5' title="bbox 673 212 949 265; baseline -0.004 -14"><span class='ocrx_word' id='word_1_8' title='bbox 673 213 744 252; x_wconf 82' lang='grc' dir='ltr'><em>Ψε</em></span> <span class='ocrx_word' id='word_1_9' title='bbox 751 227 779 252; x_wconf 92' lang='grc' dir='ltr'><em>υ</em></span> <span class='ocrx_word' id='word_1_10' title='bbox 787 212 813 252; x_wconf 93' lang='grc' dir='ltr'><em>δ</em></span> <span class='ocrx_word' id='word_1_11' title='bbox 821 212 847 252; x_wconf 89' lang='grc' dir='ltr'><em>ά</em></span> <span class='ocrx_word' id='word_1_12' title='bbox 856 227 879 265; x_wconf 90' lang='grc' dir='ltr'><em>ρ</em></span> <span class='ocrx_word' id='word_1_13' title='bbox 889 227 903 252; x_wconf 91' lang='grc' dir='ltr'><em>ι</em></span> <span class='ocrx_word' id='word_1_14' title='bbox 912 227 949 253; x_wconf 91' lang='grc' dir='ltr'><em>α.</em></span> 
     </span>
    </p>
   </div>
   <div class='ocr_carea' id='block_1_5' title="bbox 138 298 1476 1766">
    <p class='ocr_par' dir='ltr' id='par_1_5' title="bbox 139 298 1476 1316">
     <span class='ocr_line' id='line_1_6' title="bbox 201 298 1473 361; baseline 0.004 -17"><span class='ocrx_word' id='word_1_15' title='bbox 201 304 239 344; x_wconf 84' lang='grc'><em>3.</em></span> <span class='ocrx_word' id='word_1_16' title='bbox 276 302 450 344; x_wconf 86' lang='lat' dir='ltr'><strong>Proclus</strong></span> <span class='ocrx_word' id='word_1_17' title='bbox 489 302 647 345; x_wconf 87' lang='lat' dir='ltr'><strong>Comm.</strong></span> <span class='ocrx_word' id='word_1_18' title='bbox 685 303 726 344; x_wconf 91' lang='lat' dir='ltr'><em>in</em></span> <span class='ocrx_word' id='word_1_19' title='bbox 765 303 885 346; x_wconf 78' lang='lat' dir='ltr'>Eucl,</span> <span class='ocrx_word' id='word_1_20' title='bbox 921 319 960 358; x_wconf 92' lang='lat' dir='ltr'><em>p.</em></span> <span class='ocrx_word' id='word_1_21' title='bbox 988 304 1079 359; x_wconf 83' lang='lat'>70‚1</span> <span class='ocrx_word' id='word_1_22' title='bbox 1094 319 1183 359; x_wconf 86' lang='lat' dir='ltr'>sqq.</span> <span class='ocrx_word' id='word_1_23' title='bbox 1221 304 1301 361; x_wconf 83' lang='lat' dir='ltr'><strong>(ed.</strong></span> <span class='ocrx_word' id='word_1_24' title='bbox 1326 298 1473 349; x_wconf 44' lang='lat' dir='ltr'><em>Friedsss·</em></span> 
     </span>
     <span class='ocr_line' id='line_1_7' title="bbox 141 365 1471 423; baseline 0.003 -16"><span class='ocrx_word' id='word_1_25' title='bbox 141 366 262 423; x_wconf 85' lang='lat' dir='ltr'>lein):</span> <span class='ocrx_word' id='word_1_26' title='bbox 282 366 456 421; x_wconf 82' lang='grc' dir='ltr'><strong><em>Ἐπειδὴ</em></strong></span> <span class='ocrx_word' id='word_1_27' title='bbox 483 365 530 408; x_wconf 73' lang='grc' dir='ltr'><em>δὲ</em></span> <span class='ocrx_word' id='word_1_28' title='bbox 554 369 693 409; x_wconf 82' lang='grc' dir='ltr'><em>πολλὰ</em></span> <span class='ocrx_word' id='word_1_29' title='bbox 719 368 974 422; x_wconf 82' lang='grc' dir='ltr'><em>φαντάζεται</em></span> <span class='ocrx_word' id='word_1_30' title='bbox 993 366 1073 421; x_wconf 72' lang='grc' dir='ltr'><em>μὲν</em></span> <span class='ocrx_word' id='word_1_31' title='bbox 1092 370 1149 418; x_wconf 86' lang='grc' dir='ltr'><em>ὡς</em></span> <span class='ocrx_word' id='word_1_32' title='bbox 1167 376 1242 423; x_wconf 84' lang='grc' dir='ltr'><em>τῆς</em></span> <span class='ocrx_word' id='word_1_33' title='bbox 1260 369 1471 423; x_wconf 55' lang='grc' dir='ltr'><em>ἀληθείας*</em></span> 
     </span>
     <span class='ocr_line' id='line_1_8' title="bbox 142 430 1468 487; baseline 0.003 -15"><span class='ocrx_word' id='word_1_34' title='bbox 142 431 405 486; x_wconf 80' lang='grc' dir='ltr'><em>ἀντεχόμενα</em></span> <span class='ocrx_word' id='word_1_35' title='bbox 453 430 524 473; x_wconf 84' lang='grc' dir='ltr'><em>καὶ</em></span> <span class='ocrx_word' id='word_1_36' title='bbox 568 438 661 481; x_wconf 87' lang='grc' dir='ltr'><em>ταῖς</em></span> <span class='ocrx_word' id='word_1_37' title='bbox 704 430 1054 486; x_wconf 80' lang='grc' dir='ltr'><em>ἐπιστημονικαῖς</em></span> <span class='ocrx_word' id='word_1_38' title='bbox 1096 432 1246 487; x_wconf 80' lang='grc' dir='ltr'><em>ἀρχαῖς</em></span> <span class='ocrx_word' id='word_1_39' title='bbox 1288 432 1468 483; x_wconf 46' lang='grc' dir='ltr'><em>ἀκολου,-</em></span> 
     </span>
     <span class='ocr_line' id='line_1_9' title="bbox 141 558 1474 617; baseline 0.002 -17"><span class='ocrx_word' id='word_1_40' title='bbox 141 561 243 608; x_wconf 89' lang='grc' dir='ltr'><em>τοὺς</em></span> <span class='ocrx_word' id='word_1_41' title='bbox 273 558 651 614; x_wconf 82' lang='grc' dir='ltr'><em>ἐπιπολαιοτέρους</em></span> <span class='ocrx_word' id='word_1_42' title='bbox 681 558 882 615; x_wconf 77' lang='grc' dir='ltr'><em>ἐξαπατᾷ,</em></span> <span class='ocrx_word' id='word_1_43' title='bbox 914 560 1133 614; x_wconf 77' lang='grc' dir='ltr'><strong><em>μεθόδους</em></strong></span> <span class='ocrx_word' id='word_1_44' title='bbox 1163 560 1474 617; x_wconf 44' lang='grc' dir='ltr'><em>παραδέδωκεῠ</em></span> 
     </span>
     <span class='ocr_line' id='line_1_10' title="bbox 143 618 1472 680; baseline 0.002 -16"><span class='ocrx_word' id='word_1_45' title='bbox 143 623 217 677; x_wconf 85' lang='lat' dir='ltr'>[sc.</span> <span class='ocrx_word' id='word_1_46' title='bbox 244 623 462 677; x_wconf 84' lang='lat' dir='ltr'>Euclides]</span> <span class='ocrx_word' id='word_1_47' title='bbox 501 622 572 664; x_wconf 84' lang='grc' dir='ltr'><em>καὶ</em></span> <span class='ocrx_word' id='word_1_48' title='bbox 609 629 684 676; x_wconf 84' lang='grc' dir='ltr'><em>τῆς</em></span> <span class='ocrx_word' id='word_1_49' title='bbox 720 623 888 665; x_wconf 88' lang='grc' dir='ltr'><em>τούτων</em></span> <span class='ocrx_word' id='word_1_50' title='bbox 921 624 1169 677; x_wconf 82' lang='grc' dir='ltr'><em>διορατικῆς</em></span> <span class='ocrx_word' id='word_1_51' title='bbox 1204 618 1472 680; x_wconf 44' lang='grc' dir='ltr'><em>φρονήσεωςξ</em></span> 
     </span>
     <span class='ocr_line' id='line_1_11' title="bbox 142 685 1476 742; baseline 0.001 -14"><span class='ocrx_word' id='word_1_52' title='bbox 142 687 191 736; x_wconf 84' lang='grc' dir='ltr'><em>ἃς</em></span> <span class='ocrx_word' id='word_1_53' title='bbox 217 689 386 741; x_wconf 81' lang='grc' dir='ltr'><em>ἔχοντες</em></span> <span class='ocrx_word' id='word_1_54' title='bbox 411 688 644 742; x_wconf 78' lang='grc' dir='ltr'><em>γυμνάζειν</em></span> <span class='ocrx_word' id='word_1_55' title='bbox 668 685 747 741; x_wconf 73' lang='grc' dir='ltr'><em>μὲν</em></span> <span class='ocrx_word' id='word_1_56' title='bbox 773 688 1054 741; x_wconf 81' lang='grc' dir='ltr'><em>δυνησόμεθα</em></span> <span class='ocrx_word' id='word_1_57' title='bbox 1077 689 1179 736; x_wconf 88' lang='grc' dir='ltr'><em>τοὺς</em></span> <span class='ocrx_word' id='word_1_58' title='bbox 1203 686 1476 742; x_wconf 17' lang='grc' dir='ltr'><em>ἀρχομένους(</em></span> 
     </span>
     <span class='ocr_line' id='line_1_12' title="bbox 140 750 1464 806; baseline 0.002 -14"><span class='ocrx_word' id='word_1_59' title='bbox 140 758 215 802; x_wconf 81' lang='grc' dir='ltr'><em>τῆς</em></span> <span class='ocrx_word' id='word_1_60' title='bbox 245 754 434 805; x_wconf 79' lang='grc' dir='ltr'><em>θεωρίας</em></span> <span class='ocrx_word' id='word_1_61' title='bbox 464 752 621 806; x_wconf 82' lang='grc' dir='ltr'><em>ταύτης</em></span> <span class='ocrx_word' id='word_1_62' title='bbox 653 751 762 806; x_wconf 90' lang='grc' dir='ltr'><em>πρὸς</em></span> <span class='ocrx_word' id='word_1_63' title='bbox 792 752 872 804; x_wconf 88' lang='grc' dir='ltr'><em>τὴν</em></span> <span class='ocrx_word' id='word_1_64' title='bbox 898 750 1071 806; x_wconf 80' lang='grc' dir='ltr'><em>εὕρεσιν</em></span> <span class='ocrx_word' id='word_1_65' title='bbox 1095 758 1182 793; x_wconf 85' lang='grc' dir='ltr'><em>τῶν</em></span> <span class='ocrx_word' id='word_1_66' title='bbox 1206 755 1464 806; x_wconf 85' lang='grc' dir='ltr'><em>παραλογισ-</em></span> 
     </span>
     <span class='ocr_line' id='line_1_13' title="bbox 142 814 1468 871; baseline 0.002 -15"><span class='ocrx_word' id='word_1_67' title='bbox 142 823 249 870; x_wconf 83' lang='grc' dir='ltr'><em>μῶν,</em></span> <span class='ocrx_word' id='word_1_68' title='bbox 280 814 590 869; x_wconf 80' lang='grc' dir='ltr'><em>ἀνεξαπάτητοι</em></span> <span class='ocrx_word' id='word_1_69' title='bbox 622 815 670 857; x_wconf 82' lang='grc' dir='ltr'><em>δὲ</em></span> <span class='ocrx_word' id='word_1_70' title='bbox 696 815 926 869; x_wconf 81' lang='grc' dir='ltr'><em>διαμένειν.</em></span> <span class='ocrx_word' id='word_1_71' title='bbox 964 815 1035 857; x_wconf 84' lang='grc' dir='ltr'><em>καὶ</em></span> <span class='ocrx_word' id='word_1_72' title='bbox 1059 821 1187 857; x_wconf 85' lang='grc' dir='ltr'><em>τοῦτο</em></span> <span class='ocrx_word' id='word_1_73' title='bbox 1214 816 1268 870; x_wconf 89' lang='grc' dir='ltr'><em>δὴ</em></span> <span class='ocrx_word' id='word_1_74' title='bbox 1292 816 1340 858; x_wconf 90' lang='grc' dir='ltr'><em>τὸ</em></span> <span class='ocrx_word' id='word_1_75' title='bbox 1366 817 1468 871; x_wconf 82' lang='grc' dir='ltr'><em>σύγ-</em></span> 
     </span>
     <span class='ocr_line' id='line_1_14' title="bbox 141 875 1464 935; baseline 0.002 -15"><span class='ocrx_word' id='word_1_76' title='bbox 141 895 327 934; x_wconf 79' lang='grc' dir='ltr'><em>γραμμα,</em></span> <span class='ocrx_word' id='word_1_77' title='bbox 359 876 416 921; x_wconf 88' lang='grc' dir='ltr'><em>δι’</em></span> <span class='ocrx_word' id='word_1_78' title='bbox 447 875 500 920; x_wconf 85' lang='grc' dir='ltr'><em>οὗ</em></span> <span class='ocrx_word' id='word_1_79' title='bbox 531 880 610 933; x_wconf 89' lang='grc' dir='ltr'><em>τὴν</em></span> <span class='ocrx_word' id='word_1_80' title='bbox 640 880 918 934; x_wconf 84' lang='grc' dir='ltr'><em>παρασκευὴν</em></span> <span class='ocrx_word' id='word_1_81' title='bbox 943 880 1045 933; x_wconf 78' lang='grc' dir='ltr'><em>ἡμῖν</em></span> <span class='ocrx_word' id='word_1_82' title='bbox 1069 880 1229 933; x_wconf 83' lang='grc' dir='ltr'><em>ταύτην</em></span> <span class='ocrx_word' id='word_1_83' title='bbox 1255 878 1464 935; x_wconf 78' lang='grc' dir='ltr'><em>ἐντίθησι,</em></span> 
     </span>
     <span class='ocr_line' id='line_1_15' title="bbox 148 942 1468 998; baseline 0.002 -14"><span class='ocrx_word' id='word_1_84' title='bbox 148 943 412 997; x_wconf 83' lang='grc' dir='ltr'><em>Ψευδαρίων</em></span> <span class='ocrx_word' id='word_1_85' title='bbox 442 942 686 998; x_wconf 83' lang='grc' dir='ltr'><em>ἐπέγραψεν</em></span> <span class='ocrx_word' id='word_1_86' title='bbox 715 944 901 998; x_wconf 77' lang='grc' dir='ltr'><em>τρόπους</em></span> <span class='ocrx_word' id='word_1_87' title='bbox 932 958 977 984; x_wconf 91' lang='grc' dir='ltr'><em>τε</em></span> <span class='ocrx_word' id='word_1_88' title='bbox 1001 943 1146 985; x_wconf 84' lang='grc' dir='ltr'><em>αὐτῶν</em></span> <span class='ocrx_word' id='word_1_89' title='bbox 1169 946 1393 994; x_wconf 79' lang='grc' dir='ltr'><em>ποικίλους</em></span> <span class='ocrx_word' id='word_1_90' title='bbox 1416 943 1468 986; x_wconf 82' lang='grc' dir='ltr'><em>ἐν</em></span> 
     </span>
     <span class='ocr_line' id='line_1_16' title="bbox 139 1005 1467 1062; baseline 0.002 -14"><span class='ocrx_word' id='word_1_91' title='bbox 139 1005 254 1056; x_wconf 81' lang='grc' dir='ltr'><em>τάξει</em></span> <span class='ocrx_word' id='word_1_92' title='bbox 280 1007 678 1061; x_wconf 87' lang='grc' dir='ltr'><em>διαριθμησάμενος</em></span> <span class='ocrx_word' id='word_1_93' title='bbox 696 1007 766 1048; x_wconf 77' lang='grc' dir='ltr'><em>καὶ</em></span> <span class='ocrx_word' id='word_1_94' title='bbox 785 1005 886 1049; x_wconf 87' lang='grc' dir='ltr'><em>καθ’</em></span> <span class='ocrx_word' id='word_1_95' title='bbox 905 1006 1086 1049; x_wconf 83' lang='grc' dir='ltr'><em>ἕκαστον</em></span> <span class='ocrx_word' id='word_1_96' title='bbox 1105 1008 1327 1061; x_wconf 75' lang='grc' dir='ltr'><em>γυμνάσας</em></span> <span class='ocrx_word' id='word_1_97' title='bbox 1344 1008 1467 1062; x_wconf 79' lang='grc' dir='ltr'><em>ἡμῶν</em></span> 
     </span>
     <span class='ocr_line' id='line_1_17' title="bbox 140 1070 1465 1128; baseline 0.001 -16"><span class='ocrx_word' id='word_1_98' title='bbox 140 1071 218 1125; x_wconf 84' lang='grc' dir='ltr'><em>τὴν</em></span> <span class='ocrx_word' id='word_1_99' title='bbox 255 1071 456 1113; x_wconf 89' lang='grc' dir='ltr'><em>διάνοιαν</em></span> <span class='ocrx_word' id='word_1_100' title='bbox 491 1071 716 1120; x_wconf 85' lang='grc' dir='ltr'><em>παντοίοις</em></span> <span class='ocrx_word' id='word_1_101' title='bbox 751 1072 1003 1125; x_wconf 76' lang='grc' dir='ltr'><em>θεωρήμασι</em></span> <span class='ocrx_word' id='word_1_102' title='bbox 1038 1070 1109 1112; x_wconf 87' lang='grc' dir='ltr'><em>καὶ</em></span> <span class='ocrx_word' id='word_1_103' title='bbox 1145 1075 1207 1128; x_wconf 75' lang='grc' dir='ltr'><em>τῷ</em></span> <span class='ocrx_word' id='word_1_104' title='bbox 1235 1072 1388 1121; x_wconf 84' lang='grc' dir='ltr'><em>ψεύδει</em></span> <span class='ocrx_word' id='word_1_105' title='bbox 1415 1072 1465 1114; x_wconf 85' lang='grc' dir='ltr'><em>τὸ</em></span> 
     </span>
     <span class='ocr_line' id='line_1_18' title="bbox 140 1132 1464 1191; baseline 0 -15"><span class='ocrx_word' id='word_1_106' title='bbox 140 1132 301 1188; x_wconf 79' lang='grc' dir='ltr'><em>ἀληθὲς</em></span> <span class='ocrx_word' id='word_1_107' title='bbox 331 1135 545 1189; x_wconf 79' lang='grc' dir='ltr'><em>παραθεὶς</em></span> <span class='ocrx_word' id='word_1_108' title='bbox 575 1133 646 1176; x_wconf 85' lang='grc' dir='ltr'><em>καὶ</em></span> <span class='ocrx_word' id='word_1_109' title='bbox 672 1141 724 1189; x_wconf 83' lang='grc' dir='ltr'><em>τῇ</em></span> <span class='ocrx_word' id='word_1_110' title='bbox 749 1137 877 1191; x_wconf 79' lang='grc' dir='ltr'><em>πείρᾳ</em></span> <span class='ocrx_word' id='word_1_111' title='bbox 901 1135 979 1176; x_wconf 89' lang='grc' dir='ltr'><em>τὸν</em></span> <span class='ocrx_word' id='word_1_112' title='bbox 1003 1132 1180 1189; x_wconf 80' lang='grc' dir='ltr'><em>ἔλεγχον</em></span> <span class='ocrx_word' id='word_1_113' title='bbox 1204 1141 1279 1189; x_wconf 84' lang='grc' dir='ltr'><em>τῆς</em></span> <span class='ocrx_word' id='word_1_114' title='bbox 1303 1134 1464 1189; x_wconf 84' lang='grc' dir='ltr'><em>ἀπάτης</em></span> 
     </span>
     <span class='ocr_line' id='line_1_19' title="bbox 141 1195 1468 1254; baseline 0 -14"><span class='ocrx_word' id='word_1_115' title='bbox 141 1200 428 1254; x_wconf 83' lang='grc' dir='ltr'><em>συναρμόσας.</em></span> <span class='ocrx_word' id='word_1_116' title='bbox 477 1205 606 1241; x_wconf 88' lang='grc' dir='ltr'><em>τοῦτο</em></span> <span class='ocrx_word' id='word_1_117' title='bbox 648 1196 729 1251; x_wconf 73' lang='grc' dir='ltr'><em>μὲν</em></span> <span class='ocrx_word' id='word_1_118' title='bbox 772 1195 854 1240; x_wconf 84' lang='grc' dir='ltr'><em>οὖν</em></span> <span class='ocrx_word' id='word_1_119' title='bbox 896 1199 945 1240; x_wconf 89' lang='grc' dir='ltr'><em>τὸ</em></span> <span class='ocrx_word' id='word_1_120' title='bbox 988 1200 1162 1253; x_wconf 87' lang='grc' dir='ltr'><em>βιβλίον</em></span> <span class='ocrx_word' id='word_1_121' title='bbox 1197 1199 1468 1252; x_wconf 80' lang='grc' dir='ltr'><em>καθαρτικόν</em></span> 
     </span>
     <span class='ocr_line' id='line_1_20' title="bbox 139 1261 657 1316; baseline 0.002 -13"><span class='ocrx_word' id='word_1_122' title='bbox 139 1261 230 1304; x_wconf 81' lang='grc' dir='ltr'><em>ἐστι</em></span> <span class='ocrx_word' id='word_1_123' title='bbox 255 1261 326 1304; x_wconf 88' lang='grc' dir='ltr'><em>καὶ</em></span> <span class='ocrx_word' id='word_1_124' title='bbox 352 1264 657 1316; x_wconf 78' lang='grc' dir='ltr'><em>γυμναστικόν.</em></span> 
     </span>
    </p>

    <p class='ocr_par' dir='ltr' id='par_1_6' title="bbox 138 1325 1468 1766">
     <span class='ocr_line' id='line_1_21' title="bbox 198 1325 1467 1381; baseline 0.001 -14"><span class='ocrx_word' id='word_1_125' title='bbox 198 1325 279 1368; x_wconf 81' lang='lat' dir='ltr'><strong>cfr.</strong></span> <span class='ocrx_word' id='word_1_126' title='bbox 324 1325 771 1368; x_wconf 80' lang='lat' dir='ltr'><strong>Pseudo-Alexander</strong></span> <span class='ocrx_word' id='word_1_127' title='bbox 815 1327 904 1368; x_wconf 81' lang='lat' dir='ltr'>siue</span> <span class='ocrx_word' id='word_1_128' title='bbox 946 1326 1127 1368; x_wconf 83' lang='lat' dir='ltr'>Michael</span> <span class='ocrx_word' id='word_1_129' title='bbox 1168 1326 1378 1381; x_wconf 83' lang='lat' dir='ltr'>Ephesius</span> <span class='ocrx_word' id='word_1_130' title='bbox 1421 1327 1467 1368; x_wconf 86' lang='lat' dir='ltr'><em>in</em></span> 
     </span>
     <span class='ocr_line' id='line_1_22' title="bbox 139 1389 1463 1446; baseline 0 -14"><span class='ocrx_word' id='word_1_131' title='bbox 139 1390 315 1432; x_wconf 66' lang='lat' dir='ltr'><em>Axistot.</em></span> <span class='ocrx_word' id='word_1_132' title='bbox 354 1389 483 1445; x_wconf 85' lang='lat' dir='ltr'>Soph.</span> <span class='ocrx_word' id='word_1_133' title='bbox 519 1390 730 1432; x_wconf 80' lang='lat' dir='ltr'><strong>Elenchos</strong></span> <span class='ocrx_word' id='word_1_134' title='bbox 770 1406 808 1444; x_wconf 92' lang='lat' dir='ltr'><em>p.</em></span> <span class='ocrx_word' id='word_1_135' title='bbox 838 1391 904 1444; x_wconf 82' lang='lat'><em>76,</em></span> <span class='ocrx_word' id='word_1_136' title='bbox 929 1391 985 1432; x_wconf 80' lang='lat'><em>20</em></span> <span class='ocrx_word' id='word_1_137' title='bbox 1023 1390 1104 1446; x_wconf 87' lang='lat' dir='ltr'><strong>(ed.</strong></span> <span class='ocrx_word' id='word_1_138' title='bbox 1137 1389 1354 1446; x_wconf 81' lang='lat' dir='ltr'>Wallies):</span> <span class='ocrx_word' id='word_1_139' title='bbox 1399 1391 1463 1432; x_wconf 90' lang='grc' dir='ltr'><em>Οὐ</em></span> 
     </span>
     <span class='ocr_line' id='line_1_23' title="bbox 138 1452 1468 1510; baseline -0.001 -14"><span class='ocrx_word' id='word_1_140' title='bbox 138 1456 275 1507; x_wconf 90' lang='grc' dir='ltr'><em>μόνον</em></span> <span class='ocrx_word' id='word_1_141' title='bbox 317 1452 364 1496; x_wconf 74' lang='grc' dir='ltr'><em>δὲ</em></span> <span class='ocrx_word' id='word_1_142' title='bbox 408 1456 511 1504; x_wconf 89' lang='grc' dir='ltr'><em>τοὺς</em></span> <span class='ocrx_word' id='word_1_143' title='bbox 553 1456 610 1509; x_wconf 87' lang='grc' dir='ltr'><em>μὴ</em></span> <span class='ocrx_word' id='word_1_144' title='bbox 653 1454 736 1496; x_wconf 82' lang='grc' dir='ltr'><em>ἀπὸ</em></span> <span class='ocrx_word' id='word_1_145' title='bbox 773 1462 860 1496; x_wconf 87' lang='grc' dir='ltr'><em>τῶν</em></span> <span class='ocrx_word' id='word_1_146' title='bbox 896 1454 1040 1510; x_wconf 82' lang='grc' dir='ltr'><em>ἀρχῶν</em></span> <span class='ocrx_word' id='word_1_147' title='bbox 1077 1454 1355 1509; x_wconf 84' lang='grc' dir='ltr'><em>ὡρμημένους</em></span> <span class='ocrx_word' id='word_1_148' title='bbox 1390 1459 1468 1508; x_wconf 84' lang='grc' dir='ltr'><em>τῆς</em></span> 
     </span>
     <span class='ocr_line' id='line_1_24' title="bbox 139 1513 1466 1573; baseline 0 -13"><span class='ocrx_word' id='word_1_149' title='bbox 139 1517 385 1573; x_wconf 81' lang='grc' dir='ltr'><em>ἐπιστήμης,</em></span> <span class='ocrx_word' id='word_1_150' title='bbox 406 1516 483 1573; x_wconf 84' lang='grc' dir='ltr'><em>ὑφ’</em></span> <span class='ocrx_word' id='word_1_151' title='bbox 501 1519 556 1573; x_wconf 77' lang='grc' dir='ltr'><em>ἤν</em></span> <span class='ocrx_word' id='word_1_152' title='bbox 576 1517 666 1560; x_wconf 83' lang='grc' dir='ltr'><em>ἐστι</em></span> <span class='ocrx_word' id='word_1_153' title='bbox 685 1519 733 1560; x_wconf 92' lang='grc' dir='ltr'><em>τὸ</em></span> <span class='ocrx_word' id='word_1_154' title='bbox 753 1520 993 1573; x_wconf 80' lang='grc' dir='ltr'><em>πρόβλημα,</em></span> <span class='ocrx_word' id='word_1_155' title='bbox 1015 1520 1252 1568; x_wconf 82' lang='grc' dir='ltr'><em>δοκοῦντας</em></span> <span class='ocrx_word' id='word_1_156' title='bbox 1271 1517 1318 1560; x_wconf 75' lang='grc' dir='ltr'><em>δὲ</em></span> <span class='ocrx_word' id='word_1_157' title='bbox 1338 1513 1466 1571; x_wconf 86' lang='grc' dir='ltr'><em>εἶναι,</em></span> 
     </span>
     <span class='ocr_line' id='line_1_25' title="bbox 139 1582 1468 1638; baseline -0.001 -14"><span class='ocrx_word' id='word_1_158' title='bbox 139 1584 315 1633; x_wconf 78' lang='grc' dir='ltr'><em>ψευδεῖς</em></span> <span class='ocrx_word' id='word_1_159' title='bbox 347 1582 549 1637; x_wconf 80' lang='grc' dir='ltr'><em>ἐλέγχους</em></span> <span class='ocrx_word' id='word_1_160' title='bbox 574 1585 724 1638; x_wconf 81' lang='grc' dir='ltr'><em>φησίν,</em></span> <span class='ocrx_word' id='word_1_161' title='bbox 756 1583 862 1624; x_wconf 83' lang='grc' dir='ltr'><em>ἀλλὰ</em></span> <span class='ocrx_word' id='word_1_162' title='bbox 888 1582 958 1624; x_wconf 86' lang='grc' dir='ltr'><em>καὶ</em></span> <span class='ocrx_word' id='word_1_163' title='bbox 985 1585 1086 1633; x_wconf 86' lang='grc' dir='ltr'><em>τοὺς</em></span> <span class='ocrx_word' id='word_1_164' title='bbox 1111 1582 1156 1624; x_wconf 86' lang='grc' dir='ltr'><em>ἐκ</em></span> <span class='ocrx_word' id='word_1_165' title='bbox 1181 1590 1268 1624; x_wconf 86' lang='grc' dir='ltr'><em>τῶν</em></span> <span class='ocrx_word' id='word_1_166' title='bbox 1293 1583 1468 1624; x_wconf 84' lang='grc' dir='ltr'><em>οἰκείων</em></span> 
     </span>
     <span class='ocr_line' id='line_1_26' title="bbox 138 1644 1464 1701; baseline 0 -13"><span class='ocrx_word' id='word_1_167' title='bbox 138 1644 216 1701; x_wconf 73' lang='grc' dir='ltr'><em>μὲν</em></span> <span class='ocrx_word' id='word_1_168' title='bbox 241 1653 317 1700; x_wconf 80' lang='grc' dir='ltr'><em>τῆς</em></span> <span class='ocrx_word' id='word_1_169' title='bbox 342 1646 574 1700; x_wconf 85' lang='grc' dir='ltr'><em>ἐπιστήμης</em></span> <span class='ocrx_word' id='word_1_170' title='bbox 597 1646 754 1701; x_wconf 82' lang='grc' dir='ltr'><em>ἀρχῶν,</em></span> <span class='ocrx_word' id='word_1_171' title='bbox 779 1647 886 1688; x_wconf 88' lang='grc' dir='ltr'><em>κατά</em></span> <span class='ocrx_word' id='word_1_172' title='bbox 905 1663 945 1688; x_wconf 89' lang='grc' dir='ltr'><em>τι</em></span> <span class='ocrx_word' id='word_1_173' title='bbox 966 1645 1013 1688; x_wconf 73' lang='grc' dir='ltr'><em>δὲ</em></span> <span class='ocrx_word' id='word_1_174' title='bbox 1033 1645 1464 1701; x_wconf 78' lang='grc' dir='ltr'><em>παραλογιζομένους,</em></span> 
     </span>
     <span class='ocr_line' id='line_1_27' title="bbox 139 1705 1468 1766; baseline -0.001 -15"><span class='ocrx_word' id='word_1_175' title='bbox 139 1705 208 1752; x_wconf 88' lang='grc' dir='ltr'><em>οἷά</em></span> <span class='ocrx_word' id='word_1_176' title='bbox 243 1712 326 1752; x_wconf 85' lang='grc' dir='ltr'><em>είσι</em></span> <span class='ocrx_word' id='word_1_177' title='bbox 362 1711 413 1751; x_wconf 84' lang='grc' dir='ltr'><em>τὰ</em></span> <span class='ocrx_word' id='word_1_178' title='bbox 447 1716 526 1751; x_wconf 88' lang='grc' dir='ltr'><em>τοῦ</em></span> <span class='ocrx_word' id='word_1_179' title='bbox 561 1710 804 1752; x_wconf 81' lang='grc' dir='ltr'><em>Εὐκλείδου</em></span> <span class='ocrx_word' id='word_1_180' title='bbox 838 1711 1248 1766; x_wconf 82' lang='grc' dir='ltr'><em>ψευδογραφήματα.</em></span> <span class='ocrx_word' id='word_1_181' title='bbox 1297 1709 1468 1751; x_wconf 79' lang='lat' dir='ltr'>Scholia</span> 
     </span>
    </p>
   </div>
   <div class='ocr_carea' id='block_1_6' title="bbox 67 1772 1490 1835">
    <p class='ocr_par' dir='ltr' id='par_1_7' title="bbox 67 1772 1490 1835">
     <span class='ocr_line' id='line_1_28' title="bbox 67 1772 1490 1835; baseline -0.001 -19"><span class='ocrx_word' id='word_1_182' title='bbox 67 1787 87 1816; x_wconf 76' lang='lat'><em>‘2</em></span> <span class='ocrx_word' id='word_1_183' title='bbox 138 1775 183 1815; x_wconf 91' lang='lat' dir='ltr'><em>in</em></span> <span class='ocrx_word' id='word_1_184' title='bbox 201 1774 393 1815; x_wconf 78' lang='lat' dir='ltr'><strong>Platonis</strong></span> <span class='ocrx_word' id='word_1_185' title='bbox 414 1773 582 1816; x_wconf 74' lang='lat' dir='ltr'>Theae&#39;c.</span> <span class='ocrx_word' id='word_1_186' title='bbox 605 1775 722 1816; x_wconf 86' lang='lat' dir='ltr'>191b</span> <span class='ocrx_word' id='word_1_187' title='bbox 743 1774 802 1830; x_wconf 90' lang='lat' dir='ltr'><em>(p.</em></span> <span class='ocrx_word' id='word_1_188' title='bbox 825 1774 907 1815; x_wconf 84' lang='lat'><em>248</em></span> <span class='ocrx_word' id='word_1_189' title='bbox 929 1774 989 1815; x_wconf 87' lang='lat' dir='ltr'><em>ed.</em></span> <span class='ocrx_word' id='word_1_190' title='bbox 1009 1772 1262 1829; x_wconf 82' lang='lat' dir='ltr'><strong>Hermann):</strong></span> <span class='ocrx_word' id='word_1_191' title='bbox 1288 1773 1463 1815; x_wconf 79' lang='grc' dir='ltr'><em>ἐπειδὰν</em></span> <span class='ocrx_word' id='word_1_192' title='bbox 1487 1831 1490 1835; x_wconf 30' lang='lat'>¹</span> 
     </span>
    </p>
   </div>
   <div class='ocr_carea' id='block_1_7' title="bbox 135 1837 1466 2084">
    <p class='ocr_par' dir='ltr' id='par_1_8' title="bbox 135 1837 1466 2084">
     <span class='ocr_line' id='line_1_29' title="bbox 137 1837 1466 1894; baseline -0.001 -15"><span class='ocrx_word' id='word_1_193' title='bbox 137 1839 246 1892; x_wconf 80' lang='grc' dir='ltr'><em>ἡμᾶς</em></span> <span class='ocrx_word' id='word_1_194' title='bbox 283 1837 422 1894; x_wconf 80' lang='grc' dir='ltr'><em>ἐρωτᾷ</em></span> <span class='ocrx_word' id='word_1_195' title='bbox 451 1839 550 1893; x_wconf 80' lang='grc' dir='ltr'><em>περὶ</em></span> <span class='ocrx_word' id='word_1_196' title='bbox 580 1845 668 1880; x_wconf 83' lang='grc' dir='ltr'><em>τῶν</em></span> <span class='ocrx_word' id='word_1_197' title='bbox 698 1837 777 1888; x_wconf 77' lang='grc' dir='ltr'><em>ἔξω</em></span> <span class='ocrx_word' id='word_1_198' title='bbox 808 1845 883 1892; x_wconf 81' lang='grc' dir='ltr'><em>τῆς</em></span> <span class='ocrx_word' id='word_1_199' title='bbox 915 1839 1169 1892; x_wconf 74' lang='grc' dir='ltr'><em>αἰσθήσεως,</em></span> <span class='ocrx_word' id='word_1_200' title='bbox 1206 1838 1244 1879; x_wconf 79' lang='grc' dir='ltr'><em>εἰ</em></span> <span class='ocrx_word' id='word_1_201' title='bbox 1275 1837 1466 1879; x_wconf 81' lang='grc' dir='ltr'><em>δυνατὸν</em></span> 
     </span>
     <span class='ocr_line' id='line_1_30' title="bbox 136 1897 1463 1956; baseline -0.001 -13"><span class='ocrx_word' id='word_1_202' title='bbox 136 1908 347 1956; x_wconf 85' lang='grc' dir='ltr'><em>συστῆναι</em></span> <span class='ocrx_word' id='word_1_203' title='bbox 380 1901 690 1955; x_wconf 73' lang='grc' dir='ltr'><em>ψευδοδοξίαν,</em></span> <span class='ocrx_word' id='word_1_204' title='bbox 722 1897 817 1944; x_wconf 88' lang='grc' dir='ltr'><em>οἷον</em></span> <span class='ocrx_word' id='word_1_205' title='bbox 849 1901 916 1943; x_wconf 80' lang='grc' dir='ltr'><em>ἐπὶ</em></span> <span class='ocrx_word' id='word_1_206' title='bbox 941 1909 1028 1943; x_wconf 87' lang='grc' dir='ltr'><em>τῶν</em></span> <span class='ocrx_word' id='word_1_207' title='bbox 1052 1902 1167 1956; x_wconf 85' lang='grc' dir='ltr'><em>παρὰ</em></span> <span class='ocrx_word' id='word_1_208' title='bbox 1192 1907 1282 1950; x_wconf 91' lang='grc' dir='ltr'><em>τοῖς</em></span> <span class='ocrx_word' id='word_1_209' title='bbox 1307 1899 1463 1954; x_wconf 83' lang='grc' dir='ltr'><em>γεωμέ-</em></span> 
     </span>
     <span class='ocr_line' id='line_1_31' title="bbox 135 1963 1462 2021; baseline -0.001 -14"><span class='ocrx_word' id='word_1_210' title='bbox 135 1982 256 2020; x_wconf 89' lang='grc' dir='ltr'><em>τραις</em></span> <span class='ocrx_word' id='word_1_211' title='bbox 286 1965 568 2018; x_wconf 81' lang='grc' dir='ltr'><em>καλουμένων</em></span> <span class='ocrx_word' id='word_1_212' title='bbox 599 1965 897 2021; x_wconf 67' lang='grc' dir='ltr'><em>ψευδαρι’ων.1)</em></span> <span class='ocrx_word' id='word_1_213' title='bbox 947 1965 999 2007; x_wconf 87' lang='grc' dir='ltr'><em>οὐ</em></span> <span class='ocrx_word' id='word_1_214' title='bbox 1033 1966 1113 2018; x_wconf 80' lang='grc' dir='ltr'><em>γὰρ</em></span> <span class='ocrx_word' id='word_1_215' title='bbox 1149 1965 1221 2006; x_wconf 84' lang='grc' dir='ltr'><em>διὰ</em></span> <span class='ocrx_word' id='word_1_216' title='bbox 1251 1963 1368 2017; x_wconf 79' lang='grc' dir='ltr'><em>μῖξιν</em></span> <span class='ocrx_word' id='word_1_217' title='bbox 1399 1966 1462 2006; x_wconf 84' lang='grc' dir='ltr'><em>αἰ-</em></span> 
     </span>
     <span class='ocr_line' id='line_1_32' title="bbox 136 2028 793 2084; baseline 0 -13"><span class='ocrx_word' id='word_1_218' title='bbox 136 2032 332 2083; x_wconf 85' lang='grc' dir='ltr'><em>σθήσεως</em></span> <span class='ocrx_word' id='word_1_219' title='bbox 358 2028 793 2084; x_wconf 70' lang='grc' dir='ltr'><em>ψευδογραφοῦσιν.’)</em></span> 
     </span>
    </p>
   </div>
   <div class='ocr_carea' id='block_1_8' title="bbox 134 2106 340 2112">
    <p class='ocr_par' dir='ltr' id='par_1_9' title="bbox 134 2106 340 2112">
     <span class='ocr_line' id='line_1_33' title="bbox 134 2106 340 2112; baseline 0 0"><span class='ocrx_word' id='word_1_220' title='bbox 134 2106 340 2112; x_wconf 95' lang='lat' dir='ltr'><em> </em></span> 
     </span>
    </p>
   </div>
   <div class='ocr_carea' id='block_1_9' title="bbox 135 2143 1461 2331">
    <p class='ocr_par' dir='ltr' id='par_1_10' title="bbox 196 2143 1002 2188">
     <span class='ocr_line' id='line_1_34' title="bbox 196 2143 1002 2188; baseline 0 -11"><span class='ocrx_word' id='word_1_221' title='bbox 196 2147 229 2188; x_wconf 89' lang='grc'><em>1)</em></span> <span class='ocrx_word' id='word_1_222' title='bbox 254 2145 524 2188; x_wconf 81' lang='grc' dir='ltr'><em>ψευδαριθμῶν</em></span> <span class='ocrx_word' id='word_1_223' title='bbox 550 2144 666 2186; x_wconf 63' lang='lat' dir='ltr'><strong>codd„</strong></span> <span class='ocrx_word' id='word_1_224' title='bbox 693 2155 782 2178; x_wconf 80' lang='lat' dir='ltr'>corr.</span> <span class='ocrx_word' id='word_1_225' title='bbox 809 2143 1002 2178; x_wconf 79' lang='lat' dir='ltr'><strong>Ruhnken.</strong></span> 
     </span>
    </p>

    <p class='ocr_par' dir='ltr' id='par_1_11' title="bbox 135 2188 1461 2331">
     <span class='ocr_line' id='line_1_35' title="bbox 194 2188 1461 2235; baseline -0.002 -11"><span class='ocrx_word' id='word_1_226' title='bbox 194 2193 228 2234; x_wconf 82' lang='grc'><em>2)</em></span> <span class='ocrx_word' id='word_1_227' title='bbox 255 2190 355 2232; x_wconf 83' lang='lat' dir='ltr'><strong>Quae</strong></span> <span class='ocrx_word' id='word_1_228' title='bbox 387 2191 431 2224; x_wconf 87' lang='lat' dir='ltr'><em>de</em></span> <span class='ocrx_word' id='word_1_229' title='bbox 463 2190 644 2235; x_wconf 69' lang='lat' dir='ltr'>excerptis</span> <span class='ocrx_word' id='word_1_230' title='bbox 671 2190 869 2225; x_wconf 83' lang='lat' dir='ltr'><strong>Alexandri</strong></span> <span class='ocrx_word' id='word_1_231' title='bbox 901 2190 1001 2235; x_wconf 76' lang='lat' dir='ltr'><strong>apud</strong></span> <span class='ocrx_word' id='word_1_232' title='bbox 1026 2189 1257 2234; x_wconf 86' lang='lat' dir='ltr'>Simplicium</span> <span class='ocrx_word' id='word_1_233' title='bbox 1287 2189 1326 2224; x_wconf 88' lang='lat' dir='ltr'><em>in</em></span> <span class='ocrx_word' id='word_1_234' title='bbox 1351 2188 1461 2232; x_wconf 64' lang='lat' dir='ltr'>Phys.</span> 
     </span>
     <span class='ocr_line' id='line_1_36' title="bbox 135 2235 1461 2281; baseline -0.001 -10"><span class='ocrx_word' id='word_1_235' title='bbox 135 2237 245 2271; x_wconf 76' lang='lat' dir='ltr'>Arist.</span> <span class='ocrx_word' id='word_1_236' title='bbox 267 2237 283 2271; x_wconf 92' lang='grc' dir='ltr'><strong>Ι</strong></span> <span class='ocrx_word' id='word_1_237' title='bbox 307 2249 343 2281; x_wconf 89' lang='lat' dir='ltr'><em>p.</em></span> <span class='ocrx_word' id='word_1_238' title='bbox 364 2241 468 2280; x_wconf 79' lang='lat' dir='ltr'><strong>54sq.</strong></span> <span class='ocrx_word' id='word_1_239' title='bbox 496 2237 550 2271; x_wconf 84' lang='lat' dir='ltr'><em>ed.</em></span> <span class='ocrx_word' id='word_1_240' title='bbox 579 2236 679 2271; x_wconf 80' lang='lat' dir='ltr'>Diels</span> <span class='ocrx_word' id='word_1_241' title='bbox 713 2236 791 2281; x_wconf 86' lang='lat' dir='ltr'><strong>(cfr.</strong></span> <span class='ocrx_word' id='word_1_242' title='bbox 817 2237 833 2271; x_wconf 96' lang='lat' dir='ltr'>I</span> <span class='ocrx_word' id='word_1_243' title='bbox 857 2249 891 2281; x_wconf 91' lang='lat' dir='ltr'><em>p.</em></span> <span class='ocrx_word' id='word_1_244' title='bbox 913 2240 968 2280; x_wconf 78' lang='lat'><em>64,</em></span> <span class='ocrx_word' id='word_1_245' title='bbox 985 2241 1025 2270; x_wconf 86' lang='lat'><em>11</em></span> <span class='ocrx_word' id='word_1_246' title='bbox 1062 2235 1122 2271; x_wconf 81' lang='grc' dir='ltr'><em>ἐπί</em></span> <span class='ocrx_word' id='word_1_247' title='bbox 1155 2249 1266 2271; x_wconf 72' lang='grc' dir='ltr'><em>τινων</em></span> <span class='ocrx_word' id='word_1_248' title='bbox 1299 2237 1339 2271; x_wconf 82' lang='grc' dir='ltr'><em>ἐν</em></span> <span class='ocrx_word' id='word_1_249' title='bbox 1396 2248 1461 2270; x_wconf 76' lang='grc' dir='ltr'><em>εω-</em></span> 
     </span>
     <span class='ocr_line' id='line_1_37' title="bbox 136 2249 1460 2331; baseline -0.002 -13"><span class='ocrx_word' id='word_1_250' title='bbox 136 2282 262 2331; x_wconf 78' lang='grc' dir='ltr'><em>μετρίᾳ</em></span> <span class='ocrx_word' id='word_1_251' title='bbox 287 2282 672 2329; x_wconf 81' lang='grc' dir='ltr'><em>ψευδογραφημάτων)</em></span> <span class='ocrx_word' id='word_1_252' title='bbox 704 2283 912 2327; x_wconf 79' lang='lat' dir='ltr'>suspicatur</span> <span class='ocrx_word' id='word_1_253' title='bbox 941 2282 1076 2317; x_wconf 77' lang='lat' dir='ltr'><strong>Paulus</strong></span> <span class='ocrx_word' id='word_1_254' title='bbox 1107 2282 1275 2326; x_wconf 79' lang='lat' dir='ltr'><strong>Tannery</strong></span> <span class='ocrx_word' id='word_1_255' title='bbox 1305 2249 1398 2316; x_wconf 62' lang='lat' dir='ltr'>Buff.</span> <span class='ocrx_word' id='word_1_256' title='bbox 1425 2281 1460 2316; x_wconf 92' lang='lat' dir='ltr'><em>d.</em></span> 
     </span>
    </p>
   </div>
  </div>
 </body>
</html>
