1494 2450
0 0 3 84 ἔ
347 6 676 43 INTRODUCTIO
702 6 995 43 HARMONICA
1270 6 1357 49 223

0 106 85 161 ibus
116 118 286 160 eroticis
318 120 360 160 et
390 117 590 159 lamentis
622 118 665 159 et
689 116 1038 160 miserationibus
1065 119 1107 160 et
1132 116 1359 159 similibus.

0 180 302 239 =hesyohaticus
332 197 433 226 vero
466 183 727 238 melopoeiae
758 197 852 225 mos
885 185 966 239 est,
1005 197 1131 238 quem
1163 182 1360 237 sequitur

0 249 293 304 ‘tranquillitas
326 248 457 290 animi
483 251 612 303 atque
637 250 776 290 status
802 251 844 291 et
869 248 1059 291 liberalis
1086 251 1128 291 et
1153 247 1358 303 placidus.

5 315 257 358 convenient
288 317 429 357 autem
458 314 496 356 ei
521 313 684 370 hymni,
715 329 910 370 paeanes,
942 314 1146 369 encomia,
1179 313 1359 356 consilia

5 381 47 425 et
71 380 139 423 his
166 379 337 422 similia.

64 446 131 488 14.
174 445 416 501 Melopoeia
454 448 519 488 est
556 461 659 488 usus
696 445 885 502 partium
923 445 1210 500 harmonicae,
1249 460 1358 501 quae

3 513 102 555 ante
131 513 377 554 nominatae
409 514 510 553 sunt
542 525 735 567 quaeque
767 511 1146 554 fundamentorum
1172 511 1259 553 vim
1286 511 1358 553 ha-

2 575 116 619 bent.
165 577 327 619 formae
359 579 516 631 autem,
542 576 698 632 quibus
730 577 968 632 melopoeia
993 577 1225 632 perficitur,
1258 580 1358 618 sunt

4 644 223 698 quattuor:
262 657 410 699 agoge,
445 641 579 697 ploce,
617 643 764 698 pettia,
802 645 915 686 tone.
965 645 1094 697 atque
1129 657 1267 699 agoge
1293 646 1358 685 est

4 707 238 750 cantilenae
275 722 352 763 per
387 721 517 750 sonos
549 707 748 764 deinceps
779 709 945 764 positos
977 709 1065 763 via,
1102 709 1225 764 ploce
1256 722 1355 750 vero

3 772 167 816 alterna
191 773 515 816 intervallorum
541 774 700 828 positio
727 776 948 830 parallela,
978 774 1113 830 pettia
1138 788 1240 817 vero
1265 789 1357 830 per-

3 839 154 893 cussio,
191 853 300 894 quae
337 839 382 881 in
419 853 504 881 uno
542 845 646 882 tono
684 840 735 881 fit
773 840 955 895 saepius,
993 843 1093 882 tone
1132 854 1231 882 vero
1263 855 1356 895 per-

2 904 180 960 mansio,
217 919 324 960 quae
360 919 436 960 per
471 904 643 961 longius
676 908 845 961 tempus
879 906 928 948 fit
960 905 1192 948 secundum
1226 920 1354 947 unam

2 970 284 1027 prolationem
310 970 436 1013 vocis.

61 1036 343 1092 [diagramma
376 1039 440 1078 est
470 1037 610 1094 figura
635 1036 775 1093 plana,
807 1037 965 1094 gradus
991 1037 1354 1093 comprehendens

3 1114 217 1157 sonorum,
247 1103 320 1156 qui
346 1105 567 1145 canuntur.

59 1167 215 1224 gradus
251 1171 316 1210 est
347 1168 451 1210 ordo
485 1167 579 1211 soni
610 1168 655 1210 in
688 1171 937 1224 systemate,
978 1169 1067 1211 sive
1099 1169 1256 1226 gradus
1290 1172 1356 1212 est

2 1233 104 1276 ordo
137 1234 244 1289 soni,
274 1248 350 1289 per
381 1249 506 1289 quem
533 1234 832 1291 cognoscimus
856 1249 1205 1295 unumquemque
1232 1249 1355 1278 sono-

1 1313 106 1342 rum.

11 1371 14 1373 ’
57 1365 295 1420 melopoeia
321 1367 386 1407 est
410 1380 512 1408 usus
539 1380 699 1421 eorum,
730 1380 838 1421 quae
864 1366 1111 1408 tractationi
1137 1366 1352 1409 harmoni-

0 1442 73 1473 cae
105 1430 296 1473 subiecta
328 1433 440 1487 sunt,
470 1446 550 1487 pro
582 1447 645 1486 eo,
677 1432 792 1487 quod
825 1434 890 1474 est
921 1432 1258 1487 uniuscuiusque
1291 1447 1354 1473 ar·

2 1496 194 1558 gumenti
220 1496 473 1552 proprium]

59 1560 130 1603 hic
160 1564 225 1603 est
255 1561 355 1603 finis
380 1562 649 1605 tractationis
677 1563 727 1604 de
754 1563 1067 1618 compositione
1092 1564 1352 1606 harmonica.

27 1661 89 1705 εις]
116 1660 276 1706 δύναμις
298 1662 364 1698 M¹.
482 1666 536 1697 17.
570 1662 650 1698 Hoc
674 1663 756 1698 loco
781 1664 861 1698 erat
885 1663 924 1697 in
948 1663 987 1697 M
1012 1662 1145 1698 titulus
1171 1662 1353 1708 εἰσαγωγὴ

9 1708 184 1754 γρμυνικὴ
209 1709 412 1753 εὐκλείὸου,
447 1710 512 1744 sed
543 1710 732 1755 perfossus
765 1712 831 1746 est.
931 1711 1017 1756 ἐστι]
1044 1713 1129 1756 post
1153 1711 1353 1757 συστήματι

9 1754 83 1815 ἐπὶ).
109 1755 168 1792 W.
244 1755 276 1803 ἤ]
304 1757 363 1802 W,
389 1757 411 1803 ἡ
437 1758 484 1793 Μ.
602 1761 656 1793 21.
683 1757 741 1805 τό]
767 1769 838 1794 om.
864 1757 923 1794 W.
