1494 2450
493 47 658 84 SECTIO
686 46 895 83 CANONIS
1293 47 1315 88 1.
1323 45 1378 88 75

82 159 167 202 iam
203 159 483 202 manifestum
516 160 594 214 est,
631 160 674 200 et
705 157 835 199 etiam
869 156 1071 213 diapente
1101 160 1144 200 et
1176 156 1383 211 diapason

46 219 199 281 v'pluni
226 239 328 267 esse.
361 224 750 267 demonstravimus
776 222 904 278 enim,
929 237 982 265 ex
1002 223 1228 264 intervallo
1249 220 1380 276 duplo

47 288 49 291 ’
87 291 375 346 sesquealtero
401 290 677 332 intervallum
703 289 796 331 fieri
822 288 1000 345 triplum
1023 288 1164 344 [prop.
1181 285 1295 342 VII],
1321 287 1382 328 ita

51 358 72 400 t
95 356 221 399 etiam
250 356 457 411 diapason
483 358 526 397 et
552 355 752 410 diapente
778 355 834 397 sit
859 354 1050 410 triplum.

22 431 25 465 ξ
51 437 57 454 ³«
80 421 354 478 disdiapason
380 417 682 476 quadruplum.

20 532 23 545 ἶ
79 501 181 544 ergo
220 488 559 530 demonstratum
597 489 681 542 est,
725 485 896 542 singula
934 485 1215 528 consonantia
1252 483 1382 526 inter-

20 555 131 607 ¹alla.
169 554 215 596 in
252 553 408 608 quibus
442 552 681 595 rationibus
715 565 869 607 sonos,
904 551 1061 607 quibus
1096 550 1381 604 continentur,

18 609 134 686 {inter
161 633 204 661 se
229 618 429 661 habeant.

15 731 18 795 J
637 706 755 750 XIII.

14 820 43 852 :12
78 791 166 835 Iam
198 795 342 848 restat,
373 795 422 834 ut
455 791 506 834 de
530 791 703 834 toniaeo
730 791 959 834 intervallo
987 791 1257 846 disseramus,
1289 805 1407 834 esse·

14 856 381 913 ioesqueoctavum.

12 951 14 968 ;
78 937 176 965 nam
216 922 456 977 didicimus,
494 923 530 965 si
568 922 620 964 ab
659 922 886 966 intervallo
926 922 1215 977 sesquealtero
1250 922 1380 965 inter-

10 980 178 1031 wallum
192 988 522 1043 sesquetertium
536 988 766 1043 auferatur,
786 988 901 1043 quod
919 988 1189 1043 relinquitur,
1210 1002 1380 1043 sesque-

10 1051 218 1098 *octavum
243 1068 334 1096 esse
367 1053 504 1109 [prop.
527 1052 666 1109 VIII].
707 1069 856 1096 verum
884 1053 920 1096 si
947 1069 971 1096 a
997 1054 1197 1109 diapente
1223 1053 1380 1096 diates-

8 1113 145 1162 ¹{faron
178 1119 408 1175 auferatur,
446 1119 561 1174 quod
594 1119 865 1174 relinquitur,
899 1119 1119 1161 toniaeum
1153 1122 1218 1162 est
1249 1118 1378 1161 inter-

21 1186 191 1228 vallum.
241 1198 343 1241 ergo
370 1185 590 1227 toniaeum
616 1185 893 1227 intervallum
920 1188 1273 1240 sesqueoetavum
1301 1188 1378 1227 est.

638 1327 754 1370 XIV.

2 1401 4 1405 X
32 1454 35 1458 ,
80 1410 286 1466 diapason
310 1411 451 1454 minus
479 1415 544 1454 est
571 1426 700 1467 quam
726 1427 800 1454 sex
826 1414 1041 1454 tonorum.

0 1476 3 1482 '
31 1508 36 1519 .
79 1491 178 1518 nam
204 1477 545 1520 demonstratum
571 1480 649 1532 est,
677 1477 884 1534 diapason
911 1477 1089 1533 duplum
1116 1491 1207 1519 esse
1235 1477 1375 1532 [prop.

0 1545 60 1613 'z
375 1542 500 1598 XH],
536 1547 687 1585 tonum
722 1557 823 1585 vero
857 1545 1210 1598 sesqueoetavum
1239 1542 1377 1598 [prop.

374 1608 512 1664 XIII].
548 1623 695 1651 verum
722 1624 797 1651 sex
822 1609 1049 1651 intervalla
1075 1610 1378 1663 sesqueootava

375 1674 601 1717 intervallo
635 1674 765 1730 duplo
793 1677 894 1716 sunt
918 1674 1083 1716 maiora
1115 1673 1258 1729 [prop.
1284 1672 1378 1729 IX].

102 1748 146 1786 A
377 1754 478 1796 ergo
505 1739 713 1795 diapason
738 1739 879 1782 minus
907 1743 972 1782 est
998 1754 1071 1782 sex
1096 1739 1224 1782 tonis.

116 1802 122 1909 Ι
187 1854 229 1894 Γ
300 1937 306 1942 .
830 1871 924 1913 XV.

436 1953 715 1997 Diatessaron
739 1954 879 1997 minus
903 1957 967 1996 est
988 1954 1156 1997 duobus
1175 1954 1291 1996 tonis
1313 1969 1376 1997 se-

377 2018 644 2074 mitonioque
676 2022 720 2061 et
750 2018 951 2074 diapente
976 2020 1118 2062 minus
1145 2022 1211 2062 est
1235 2020 1375 2062 tribus

377 2084 491 2126 tonis
518 2084 842 2139 semitonioque.

50 2193 74 2228 ὃ
107 2207 152 2239 ‘²7
191 2205 234 2233 ις
278 2185 322 2241 ,β
436 2164 537 2191 nam
574 2150 630 2192 sit
663 2152 761 2192 nete
796 2150 1132 2207 diezeugmenon
1164 2154 1220 2207 B,
1254 2166 1375 2206 para-

271 1996 308 2072 ἒ

378 2229 493 2256 mese
529 2219 675 2257 autem
710 2217 759 2271 Γ,
796 2230 911 2258 mese
947 2219 1092 2258 autem
1118 2220 1180 2272 A,
1214 2217 1374 2273 hypate

35 2345 37 2347 ·
80 2330 217 2367 Lineae
241 2331 302 2378 fig.
328 2331 368 2366 in
392 2331 449 2366 M²
475 2333 651 2377 aequales
677 2335 780 2377 sunt3
806 2334 951 2370 numeri
978 2335 1124 2370 desunt.
