1494 2450
84 784 127 815 10

84 1158 127 1190 15

83 1479 127 1509 20

119 1811 128 1830 ›
156 1803 245 1845 τοῖς
271 1797 317 1837 Γ.
361 1795 383 1837 6
410 1797 492 1850 ἄρα
517 1799 559 1837 Α
585 1800 678 1846 ἴσος
702 1794 789 1838 ἐστὶ
817 1796 918 1838 δυσὶ
943 1801 1032 1844 τοῖς
1059 1796 1108 1836 Γ·
1142 1795 1202 1835 ὂι-
1286 1779 1329 1867 sp

150 82 231 124 166
534 86 599 118 ΚΑ
607 85 819 120 TATOMH
841 85 1092 120 ΚΑΝΟΝΟΣ

787 206 834 239 ς.

213 261 268 302 Τὸ
289 261 518 303 διπλάσιον
532 261 745 315 διάστημα
759 259 805 303 ἐκ
819 262 899 303 δυο
913 268 1000 303 τῶν
1013 263 1227 316 μεγίστων
1239 261 1468 318 ἐπιμορίων

148 323 425 379 συνέστηκεν,
450 323 498 366 ἔκ
522 340 567 366 τε
592 331 670 368 τοῦ
695 325 894 379 ἡμιολίου
920 324 990 367 καὶ
1016 325 1061 367 ἐκ
1087 332 1165 368 τοῦ
1185 325 1413 381 ἐπιτρίτου.

207 387 314 430 ἔστω
340 390 422 443 γὰρ
449 389 471 431 ὁ
497 389 577 442 μὲν
595 391 677 430 ΒΓ
695 395 772 431 τοῦ
793 393 873 431 ΔΖ
893 389 1101 443 ἡμιόλιος,
1126 390 1148 432 6
1170 389 1216 432 δὲ
1236 394 1316 432 ΔΖ
1335 397 1412 433 τοῦ
1431 394 1469 434 Θ

151 451 382 505 ἐπίτριτος·
408 452 518 507 φημὶ
537 453 615 495 τὸν
634 455 716 494 ΒΓ
731 459 808 495 τοῦ
831 456 867 494 Θ
887 453 1118 496 διπλάσιον
1137 452 1259 496 εἶναι.
1291 454 1469 508 ἀφεῖλον

149 517 230 570 γὰρ
256 521 353 558 ἴσον
373 521 432 573 τῷ
449 520 485 558 Θ
503 518 580 559 τὸν
596 519 676 558 ΖΚ
691 516 762 559 καὶ
782 522 839 573 τῷ
855 521 934 559 ΛΖ
956 520 1032 560 τὸν
1047 520 1134 559 ΓΛ.
1161 518 1322 560 οὐκοῦν
1342 517 1428 561 ἐπεὶ
1446 517 1468 562 6

148 583 231 622 ΒΓ
251 587 329 622 τοῦ
357 584 436 622 ΛΖ
462 580 671 635 ἡμιόλιος,
705 581 727 623 ὁ
753 584 831 622 ΒΛ
855 583 938 633 ἄρα
962 588 1040 624 τοῦ
1067 584 1148 623 ΒΓ
1175 584 1322 637 τρίτον
1347 581 1471 638 μέρος

149 643 280 699 ἐστίν,
298 651 376 687 τοῦ
392 643 440 687 δὲ
454 649 535 687 ΔΖ
550 646 694 700 ἥμισυ.
719 647 851 688 πάλιν
871 646 960 688 ἐπεὶ
980 646 1001 688 6
1013 650 1094 688 AZ
1114 653 1192 688 τοῦ
1211 650 1247 688 Θ
1266 646 1472 702 ἐπίτριτός

151 709 280 762 ἐστιν,
304 709 326 751 ὁ
343 712 432 751 ΛΚ
446 715 524 751 τοῦ
545 710 624 764 μὲν
637 713 719 752 ΔΖ
738 712 1087 764 τεταρτημόριον,
1112 717 1190 752 τοῦ
1211 708 1258 752 δὲ
1280 714 1316 751 Θ
1335 726 1472 766 τριτη-

152 776 318 829 μόριον.
348 773 512 816 οὐκοῦν
531 773 622 817 ἐπεὶ
642 774 664 817 6
679 777 768 816 ΔΚ
782 780 860 816 τοῦ
876 777 956 816 ΔΖ
977 773 1066 816 ἐστι
1086 776 1431 829 τεταρτημόριον,
1449 773 1471 818 ὁ

151 836 199 880 δὲ
226 841 304 879 BA
330 844 407 880 τοῦ
431 842 518 880 ΔΖ
543 839 690 893 ἥμισυ,
715 845 792 881 τοῦ
818 839 900 893 ἄρα
926 841 1006 880 ΒΛ
1031 839 1162 893 ἥμισυ
1188 836 1308 880 ἔσται
1333 838 1355 880 6
1381 841 1472 881 ΔΚ.

152 900 206 955 ἦν
232 903 280 945 δὲ
304 902 326 944 6
353 905 431 944 BA
456 908 534 945 τοῦ
559 904 649 944 ΒΓ
666 906 815 955 τρίτον
838 901 983 956 μέρος·
1015 902 1037 944 6
1063 904 1146 957 ἄρα
1171 904 1266 943 ΔΚ
1293 909 1371 944 τοῦ
1396 903 1480 945 ΒΓ

150 966 277 1009 ἕκτον
301 966 430 1021 μέρος
455 966 585 1009 ἐστίν.
623 964 677 1021 ἦν
702 964 749 1009 δὲ
775 967 797 1009 ὁ
823 969 916 1008 ΔΚ
937 973 1015 1008 τοῦ
1045 970 1081 1009 Θ
1104 968 1252 1022 τρίτον
1275 965 1420 1022 μέρος·
1449 965 1472 1008 6

153 1032 238 1086 ἄρα
268 1033 352 1072 ΒΓ
371 1037 448 1073 τοῦ
479 1034 516 1073 Θ
540 1031 765 1081 διπλάσιός
790 1031 918 1073 ἐστιν.

717 1147 910 1198 Ἄλλως.

203 1217 340 1260 ’Έστω
367 1219 448 1273 γὰρ
475 1217 497 1260 6
523 1217 603 1272 μὲν
622 1222 663 1260 Α
687 1224 764 1260 τοῦ
784 1221 821 1260 Β
840 1219 1045 1273 ἡμιόλιος,
1070 1218 1092 1260 6
1113 1218 1161 1260 δὲ
1180 1221 1216 1260 Β
1236 1225 1313 1261 τοῦ
1335 1220 1376 1260 Γ
1387 1216 1472 1260 ἐπί-

152 1295 314 1337 τριτος·
346 1282 466 1336 λέγω,
492 1283 556 1324 ὅτι
583 1282 605 1324 ὁ
627 1287 668 1324 Α
691 1288 769 1324 τοῦ
791 1285 832 1324 Γ
850 1282 939 1325 ἐστι
962 1283 1197 1332 διπλάσιος.

206 1345 325 1388 Ἐπεὶ
350 1347 432 1400 γὰρ
462 1346 651 1400 ἡμιόλιός
677 1345 795 1388 ἐστιν
820 1347 842 1388 ὁ
868 1350 910 1388 A
934 1352 1012 1388 τοῦ
1039 1349 1089 1400 Β,
1115 1346 1136 1387 ὁ
1158 1350 1199 1388 A
1283 1351 1324 1388 A

154 1411 236 1464 ἄρα
260 1408 348 1465 ἔχει
373 1411 450 1452 τὸν
470 1413 506 1452 Β
525 1410 596 1452 καὶ
615 1412 663 1453 τὸ
684 1411 814 1465 ἥμισυ
834 1411 982 1452 αὐτοῦ.
1016 1411 1097 1452 δύο
1117 1411 1200 1463 ἄρα
1297 1404 1300 1533 ,

1298 1551 1300 1572 Ι

154 1475 200 1516 οἱ
219 1477 261 1516 Α
288 1478 374 1516 ἴσοι
401 1474 483 1517 εἰσὶ
508 1473 622 1529 τρισὶ
648 1482 739 1524 τοῖς
758 1478 805 1516 Β.
842 1475 974 1517 πάλιν
999 1473 1088 1517 ἐπεὶ
1115 1475 1137 1516 ὁ
1164 1477 1199 1515 Β
1298 1535 1300 1538 Ι
1365 1487 1400 1526 Β

151 1545 229 1581 τοῦ
259 1541 298 1580 Γ
326 1538 443 1581 ἐστιν
469 1539 701 1594 ἐπίτριτος,
737 1539 759 1581 6
787 1542 822 1580 Β
849 1540 932 1593 ἄρα
956 1538 1042 1593 ἔχει
1067 1539 1143 1580 τὸν
1168 1543 1205 1579 Γ

152 1602 223 1645 καὶ
243 1604 291 1645 τὸ
313 1604 461 1658 τρίτον
479 1604 626 1646 αὐτοῦ.
653 1611 768 1659 τρεῖς
787 1604 870 1658 ἄρα
891 1604 933 1645 οἱ
952 1605 988 1644 Β
1012 1607 1096 1645 ἴσοι
1117 1602 1200 1644 εἰσὶ
1446 1554 1485 1596 Γ

153 1667 349 1722 τέτταρσι
369 1674 461 1717 τοῖς
482 1670 526 1709 Γ.
557 1674 671 1721 τρεῖς
697 1665 743 1709 δὲ
764 1668 806 1709 οἱ
827 1670 862 1708 Β
884 1671 972 1709 ἴσοι
996 1665 1079 1709 εἰσὶ
1100 1664 1201 1708 δυσὶ

154 1738 244 1780 τοῖς
269 1736 322 1773 A.
371 1732 453 1773 δύο
490 1732 574 1786 ἄρα
611 1733 656 1774 oc
684 1735 725 1773 A
764 1736 848 1773 ἴσοι
885 1730 969 1773 εἰσὶ
1006 1729 1202 1784 τέτταρσι

1375 1820 1494 1864 ηςί

1492 1890 1494 1909 l

215 1957 247 1987 2.
274 1953 355 1998 δύο]
383 1964 451 1987 om.
479 1952 597 1988 M1W.
680 1956 711 1987 3.
738 1951 777 1987 ἔκ
801 1964 838 1986 τε
863 1957 927 1986 τοῦ
952 1950 1075 1994 τρίτου
1101 1950 1163 1985 καὶ
1187 1947 1352 1994 ἡμιολίου
1377 1947 1432 1983 W.
1492 1913 1494 1986 =

157 2003 188 2033 6.
216 2000 301 2046 ZK]
326 1999 393 2041 Μ’,
423 2001 450 2034 Ζ
475 1999 540 2042 M1,
561 1998 646 2045 6W.
683 2019 687 2022 -
715 1997 991 2044 FAJ-w—Wss-
1012 1997 1088 2031 w„
1152 1996 1299 2031 [Post-
1317 1993 1494 2040 ἡμιόλιοςέ

157 2046 240 2080 add.
267 2047 330 2080 καὶ
360 2047 400 2081 ἐκ
430 2051 494 2080 τοῦ
519 2047 668 2088 τριπλοῦ
694 2045 756 2079 καὶ
782 2043 965 2088 ἐπιτρίτου
994 2043 1035 2078 τὸ
1066 2041 1327 2086 τετραπλάσιον
1352 2038 1494 2086 ὁμοίως“

157 2092 345 2128 δείκνυται
376 2093 439 2128 καὶ
464 2092 503 2127 ἐκ
528 2097 592 2127 τοῦ
618 2093 816 2135 τετραπλοῠ
843 2092 904 2126 καὶ
930 2089 1163 2133 ἐπιτετάρτου
1187 2087 1227 2124 τὸ
1252 2089 1481 2123 wentanum

157 2140 220 2174 καὶ
244 2139 303 2174 ἀεὶ
328 2138 461 2184 ὁμοίως
486 2139 590 2173 M¹W
615 2138 732 2182 (prim.
759 2137 822 2173 καί
847 2139 943 2182 om.)‚
967 2135 1129 2182 perfodit
1153 2135 1217 2170 Μ’.
1315 2138 1346 2169 9.
1372 2131 1494 2184 ἐπιῇ,

157 2186 258 2222 ἔσται
283 2182 339 2220 W.
414 2187 498 2231 ΔΚ]
526 2185 591 2226 Μ’,
618 2189 651 2219 Δ
675 2184 790 2227 M1W,
826 2184 914 2218 item
947 2183 999 2217 lin
1030 2187 1071 2217 12
1104 2183 1142 2217 et
1169 2186 1220 2216 13.
1316 2191 1482 2224 τεταρτη-

158 2231 287 2277 μόριόν
305 2234 380 2268 ἐστι
399 2232 464 2267 M⁸.
557 2237 609 2267 11.
638 2231 713 2278 BA]
738 2232 960 2276 (utrumque)
987 2229 1051 2271 M‘,
1077 2231 1105 2264 B
1132 2228 1204 2268 M¹;
1229 2228 1318 2262 item
1342 2227 1406 2262 lin.
1427 2229 1479 2262 12.

155 1861 336 1910 πλάσιος
361 1862 445 1915 ἄρα
470 1860 588 1902 ἐστὶν
613 1860 635 1902 6
664 1865 702 1901 A
727 1866 805 1902 τοῦ
834 1862 877 1901 Γ.

253 2283 306 2315 12.
336 2282 405 2313 ΒΓ
427 2280 525 2326 (pr.)]
552 2281 578 2312 Β
606 2277 662 2312 W.
773 2280 825 2311 18.
852 2276 872 2312 6
897 2279 930 2311 A
956 2276 1148 2356 (altarem.
1168 2273 1283 2308 M¹W.
1341 2277 1394 2308 19.
1418 2271 1481 2308 τὸν

158 2326 291 2373 ἥμισυν
311 2325 407 2360 MW.
481 2329 536 2360 20.
562 2326 611 2371 A]
633 2336 743 2369 supra
761 2335 826 2358 ser.
848 2323 914 2367 Μ’,
939 2334 1007 2358 om.
1072 2349 1079 2357 .
1152 2327 1228 2362 τοῖς
1253 2324 1279 2355 Β
1305 2317 1400 2363 τρισί
1422 2316 1479 2355 W.

1469 2435 1472 2438 .
1486 2373 1494 2450 i
