1494 2450
77 795 120 826 10

77 1118 118 1148 15

74 1439 120 1469 20

74 1760 116 1790 25

146 101 231 144 216
532 105 792 140 ΕΙΣΑΓΩΓΗ
813 106 1083 141 APMONIKH
1439 88 1485 160 ξ

146 209 309 250 πλάσια
346 207 394 251 δὲ
430 210 482 251 τὰ
513 211 622 266 πρὸς
653 212 867 261 πλείονας.
916 214 1002 254 ἔστι
1038 212 1086 254 δὲ
1116 212 1240 292 μέση
1265 212 1468 294 φθόγγον

147 273 344 327 δύναμις,
378 269 414 331 ᾧ
442 274 690 329 συμβέβηκε
720 277 826 317 κατὰ
856 273 936 328 μὲν
966 277 1180 328 διάζευξιν
1211 277 1279 320 ε’πὶ
1309 276 1388 333 μὲν
1416 262 1480 327 τῇ

147 336 223 387 ὀξὺ
264 339 396 379 τόνον
438 336 554 393 ἔχειν
589 338 835 382 ἀσύνθετον
872 340 1021 395 ἀπαθῆ
1059 342 1164 383 ὄντα
1200 348 1277 384 τοῦ
1315 345 1474 399 συστήὺ]

146 417 290 455 ματος,
317 401 385 443 ἐπὶ
411 400 459 444 δὲ
484 403 531 445 τὸ
550 404 663 457 βαρὺ
682 404 860 446 δίτονον
877 404 903 458 ἢ
922 406 1246 459 (τριημιτόνιον
1264 405 1290 460 ἢ
1310 409 1465 463 τόνον)

147 464 410 508 ἀσύνθετον·
435 468 542 508 κατὰ
567 465 615 509 δὲ
634 470 851 523 συναφήν,
877 464 911 525 ᾧ
925 471 1154 523 συμβαίνει
1172 478 1306 525 τριῶν
1322 485 1465 527 τετραψ

146 530 319 584 χόρδων
343 530 631 585 συνημμένων
650 532 744 585 ἤτοι
763 538 840 574 τοῦ
859 532 994 586 μέσου
1014 532 1204 590 ὀξυτάτῳ
1224 531 1349 589 εἶναι,
1372 537 1468 590 ἤτοι

145 600 224 636 τοῦ
251 594 460 645 ὀξυτάτου
485 596 725 652 βαρυτάτῳ.
759 595 842 638 ἀπὸ
869 596 918 638 δὲ
941 603 1016 651 τῆς
1038 596 1168 652 μέσης
1186 597 1256 640 καὶ
1276 605 1363 641 τῶν
1381 602 1467 642 λοι-

146 665 242 700 πῶν
279 660 494 713 φθόγγων
530 661 578 701 αἱ
610 660 818 715 δυνάμεις
850 662 1149 714 γνωρίζονται·
1185 663 1233 704 τὸ
1267 663 1348 717 γὰρ
1378 670 1466 715 πῶς

145 720 259 776 ἔχειν
290 722 472 765 ἕκαστον
502 723 647 766 αὐτῶν
676 725 784 777 πρὸς
807 726 888 779 τὴν
911 723 1048 780 μέσην
1073 734 1270 781 φανερῶς
1293 727 1466 781 γίνεται.

207 787 273 828 12.
310 789 467 838 Τόνος
492 786 540 830 δὲ
559 787 727 842 λέγεται
746 796 971 844 τετραχῶς·
1002 789 1073 831 καὶ
1092 791 1173 844 γὰρ
1194 790 1251 840 ὡς
1271 793 1467 846 φθόγγος

145 849 217 893 καὶ
243 852 301 901 ὡς
326 852 537 906 διάστημα
561 851 632 894 καὶ
658 854 714 902 ὡς
739 854 869 903 τόπος
893 860 1042 908 φωνῆς
1066 855 1136 896 καὶ
1162 855 1218 905 ὡς
1236 856 1367 905 τάσις.
1397 854 1471 901 ἐπὶ

143 914 224 970 μὲν
249 913 331 958 οὖν
355 923 432 958 τοῦ
458 918 698 971 φθόγγου
724 924 910 973 χρῶνται
935 924 992 974 τῷ
1015 918 1192 973 ὀνόματι
1211 920 1252 961 οἱ
1272 919 1465 973 λέγοντες

145 979 383 1023 ἑπτάτονον
401 982 480 1035 τὴν
500 983 735 1036 φόρμιγγα,
760 982 957 1037 καθάπερ
985 982 1259 1037 Τέρπανδρος
1277 982 1368 1026 καὶ’
1367 979 1494 1028 Ίων.

145 1045 167 1086 ὁ
193 1061 273 1100 μεν
298 1046 379 1100 γάρ
406 1056 557 1100 φησιν·

203 1110 324 1163 ἡμεῖς
348 1126 415 1153 τοι
440 1111 708 1165 τετράγηρυν
733 1109 1069 1165 ἀποστέρξαντες
1095 1111 1249 1153 ἀοιδὰν

204 1173 424 1231 ἑπτατόνῳ
451 1176 662 1229 φόρμιγγι
688 1173 816 1224 νέους
840 1175 1133 1230 κελαδήσομεν
1157 1175 1335 1230 ὕμνους.

144 1238 166 1280 ὁ
194 1237 258 1281 δὲ·

203 1301 486 1358 ἑνδεκάχορδε
512 1303 636 1359 λύρα,
661 1303 936 1358 δεκαβάμονα
960 1302 1082 1354 τάξιν
1104 1306 1251 1358 ἔχοισα

205 1365 226 1391 ²
265 1382 303 1410 ει
328 1367 649 1421 συμφωνούσας
673 1367 882 1422 ἁρμονίας
906 1369 1123 1423 τριόδους·
1452 1405 1454 1409 .

204 1430 310 1486 πρὶν
333 1430 414 1484 μέν
438 1430 478 1473 σ’
502 1430 739 1473 ἑπτάτονον
764 1432 931 1483 ψάλλον
957 1432 1024 1482 δὶς
1047 1431 1232 1487 τέσσαρα
1255 1432 1412 1482 πάντες
1481 1463 1485 1484 ,

251 1493 458 1549 Ἕλληνες
483 1497 669 1538 σπανίαν
693 1502 861 1549 μοῦσαν
885 1495 1144 1550 ἀειράμενοι.
1480 1537 1483 1551 =.

143 1559 215 1602 καὶ
247 1560 386 1615 ἕτεροι
417 1557 465 1602 δὲ
490 1560 570 1602 οὐκ
596 1559 738 1613 ὀλίγοι
761 1559 989 1615 κέχρηνται
1014 1565 1072 1618 τῷ
1095 1560 1296 1615 ὀνόματι·
1330 1559 1397 1602 ἐπὶ
1421 1554 1481 1614 (ἳὲἸ

144 1631 223 1667 τοῦ
250 1625 654 1679 διαστήματος,“
641 1625 744 1666 όταν
770 1623 959 1678 λέγωμεν
985 1623 1066 1666 ἀπὸ
1091 1624 1221 1679 μέσης
1247 1623 1314 1666 ἐπὶ
1333 1638 1468 1680 παραυ·

145 1689 282 1744 μέσην
307 1690 438 1731 τόνον
463 1686 587 1731 εἶναι.

201 1753 224 1795 ὁ
268 1751 316 1795 δε
358 1754 416 1802 ὡς
451 1754 604 1802 τόπος
641 1759 833 1807 φωνῆς,
877 1753 980 1794 ὅταν
1017 1752 1207 1808 λέγωμεν
1245 1753 1406 1807 δώριον
1441 1747 1468 1809 ᾖ

202 1879 234 1909 3.
261 1875 369 1921 ἔχειν]
396 1875 434 1920 Kx
437 1888 469 1910 ει
493 1874 612 1909 M¹W
673 1875 867 1919 ἀπαθῆ-
888 1877 919 1908 4.
946 1872 1108 1920 δίτονον]
1133 1884 1202 1908 οιιι.
1227 1874 1276 1908 M.
1336 1874 1467 1919 ἀπαθῆ

143 1921 248 1967 ὄντα]
273 1922 355 1965 Jan,
381 1922 555 1962 ἀπαθοῦς
580 1920 685 1961 ὄντος
707 1921 765 1979 W.
820 1926 885 1956 τοῦ
898 1920 1146 1979 συστήματος]
1170 1924 1235 1963 τῆς
1257 1925 1329 1955 τῶν
1354 1925 1467 1964 γενῶν

142 1970 327 2012 διαφορᾶς
350 1968 458 2003 malit
480 1968 562 2003 Jan.
658 1971 690 2002 4.
719 1966 741 2010 ἥ
766 1969 833 2024 (Rr.
835 1967 864 2013 )]
890 1966 970 2010 ἤτοι
995 1966 1174 2002 σύνθετον
1200 1966 1222 2010 ἥ
1247 1965 1304 2001 W.
1370 1979 1428 2008 τοι

142 2013 353 2059 μιτόνιον
333 2029 356 2059 η
380 2013 505 2061 τόνον]
532 2013 1050 2073 αᾱᾱ..1αιι.ηάσύνθπον]
1077 2013 1162 2048 orbe
1187 2013 1335 2047 inclusit
1357 2012 1449 2047 M‘.

143 2065 175 2096 8.
201 2061 255 2121 αἱ]
282 2073 350 2096 om.
376 2061 496 2104 M¹W
527 2061 610 2095 add.
636 2060 700 2095 M⁴.
783 2027 981 2105 ηδυνάμεις]
1007 2059 1163 2104 δυνάμις
1186 2059 1240 2094 Μι
1263 2061 1365 2104 (corr.
1390 2059 1427 2093 M
1455 2062 1458 2064 ’

142 2108 297 2153 δυνάμει
320 2108 379 2143 W.
476 2111 529 2142 10.
561 2107 622 2152 ὡς]
653 2107 706 2149 W,
738 2118 806 2142 om.
834 2108 917 2141 cett.
1016 2110 1070 2141 16.
1101 2105 1310 2150 κελαδήσωμ
1313 2119 1352 2141 εν
1375 2106 1422 2141 Μ.
1444 2108 1449 2111 ”

145 2158 196 2190 1·.8
237 2154 368 2191 ἕνδεκά
370 2156 489 2200 χορὸε]
527 2154 667 2199 primus
698 2135 819 2199 Bergk
856 2153 999 2198 (Poetae
1029 2152 1145 2197 lyr.p
1148 2154 1276 2186 .5798
1291 2154 1318 2194 5,
1351 2151 1416 2187 vol.
1455 2190 1457 2192 ,

142 2202 315 2246 p.253‘)‚
349 2203 389 2237 ἐν
413 2200 614 2246 ὃεκάχορδε
638 2201 692 2243 Μ,
726 2157 867 2235 ἕνδεκα(
881 2199 977 2246 όρδῳ
1004 2198 1059 2233 W.
1107 2200 1203 2233 Ante
1234 2198 1419 2247 δοκαβάμο

142 2249 225 2283 hab.
250 2247 317 2291 τήν
342 2248 459 2289 οοᾶᾶη
483 2247 623 2292 primus
649 2246 785 2282 delevit
809 2213 1322 2281 G.²f1ermann.18.19
1347 2244 1385 2290 Kx
1387 2247 1452 2280 οισ’

142 2260 585 2385 ἕξιεῧὸςεῃςαὲζξῑὲ
603 2292 974 2385 (ἕξεψξυπτε
956 2258 1442 2384 οἴχωιυὶιὲθιεῑεέῖξ
