1494 2450
37 722 78 752 10

38 1042 79 1072 15

38 1362 83 1392 20

40 1681 83 1712 25

100 34 186 76 280
615 35 913 73 FRAGMENTA

100 141 153 183 ὃν
177 139 264 196 ἔχει
289 142 315 196 ἡ
348 145 433 184 ΤΣ
453 142 560 198 πρὸς
585 146 676 185 ΣΤ
695 145 765 186 καὶ
791 145 817 199 ἡ
848 147 934 186 ΤΣ
954 145 1061 199 πρὸς
1086 149 1178 187 ΣΡ.
1221 145 1322 188 ἀλλ’
1338 146 1428 192 ἐπεὶ
1447 154 1458 166 ²

99 204 147 248 τὸ
180 205 266 247 ὑπὸ
305 208 444 248 ΘΔΗ
471 206 579 260 πρὸς
611 206 660 248 τὸ
694 206 777 249 ἀπὸ
809 210 895 250 ΔΓ
924 208 1002 250 τὸν
1036 209 1311 264 συνημμένον
1342 209 1429 266 ἔχει
1456 230 1462 247 1

101 270 234 321 λόγον
259 268 300 319 ἐξ
327 266 380 311 οὗ
405 269 458 311 ὃν
482 267 569 324 ἔχει
590 271 616 324 ἡ
643 273 721 312 ΤΣ
740 271 847 325 πρὸς
868 275 952 314 ΣΤ
971 273 1043 315 καὶ
1062 274 1088 328 ἡ
1114 277 1193 316 ΤΣ
1213 274 1322 329 πρὸς
1342 270 1464 330 ΣΡ,
1488 268 1493 330 '3

101 332 171 375 καὶ
197 331 261 375 ἔτι
287 333 310 375 6
335 334 485 383 δοθεὶς
510 336 640 388 λόγος
665 335 689 377 6
713 341 791 377 τοῦ
808 331 902 378 ιοἰπὸ
928 340 1009 378 ΡΤ
1025 337 1135 393 πρὸς
1157 338 1205 380 τὸ
1231 338 1315 381 ἀπὸ
1342 341 1428 393 ΤΣ,
1487 363 1491 368 -

101 396 172 439 καὶ
203 396 251 439 τὸ
284 397 369 439 ὑπὸ
399 401 479 440 ΘΔ
487 401 537 440 Η
561 397 668 451 πρὸς
692 398 740 441 τὸ
767 398 850 442 ἀπὸ
877 404 920 442 Δ
929 403 970 443 Γ
994 408 1206 456 συνῆπται
1231 400 1274 452 ἐξ
1300 399 1353 444 οὗ
1378 402 1430 445 ὃν
1464 395 1467 415 ³

101 460 188 515 ἔχει
212 460 260 503 τὸ
286 461 372 504 ὑπὸ
401 464 542 504 ΘΔΗ
559 464 669 517 πρὸς
693 465 740 505 τὸ
766 462 851 505 ὑπὸ
880 467 1006 506 ΖΑΕ
1028 464 1098 506 καὶ
1123 466 1171 507 τὸ
1195 465 1280 507 ὑπὸ
1309 469 1433 509 ΖΑΕ

100 524 211 580 πρὸς
236 524 283 567 τὸ
312 524 395 567 ἀπὸ
422 530 465 567 Δ
474 529 520 581 Γ,
550 529 625 568 καί
647 525 766 569 ἐστιν
792 527 814 569 6
839 534 917 569 τοῦ
943 528 1026 570 ὑπὸ
1052 536 1140 570 τῶν
1168 532 1248 570 ΘΔ
1257 532 1308 571 Η
1323 529 1430 584 πρὸς

102 589 149 632 τὸ
185 588 270 632 ὑπὸ
300 593 428 632 ΖΑΕ
459 592 586 644 λόγος
620 591 642 633 ὁ
677 589 808 640 αὐτὸς
840 596 900 646 τῷ
935 591 1191 649 συνημμένῳ
1222 591 1265 642 ἐξ
1296 590 1349 635 οὗ
1379 593 1431 635 ὃν
1474 580 1488 636 Ξ

102 652 188 708 ἔχει
218 653 244 707 ἡ
277 657 360 696 ΤΣ
389 653 496 709 πρὸς
522 658 611 696 ΣΤ
636 655 708 697 καὶ
739 656 764 709 ἡ
797 658 881 696 ΤΣ
907 654 1013 710 πρὸς
1039 659 1132 709 ΣΡ,
1170 655 1320 706 λοιπὸς
1350 658 1431 712 ἄρα

104 725 182 760 τοῦ
212 718 298 760 ὑπὸ
328 721 456 760 ΖΑΕ
486 717 597 774 πρὸς
627 717 674 760 τὸ
707 718 790 760 ἀπὸ
817 721 911 760 ΔΓ
939 722 1068 773 λόγος
1099 720 1122 762 6
1154 721 1282 770 αὐτός
1314 720 1431 763 ἐστιν
1483 716 1485 718 ’

104 788 161 839 τῷ
195 789 274 825 τοῦ
313 781 395 824 ἀπὸ
435 785 515 824 ΡΤ
544 781 653 838 πρὸς
688 781 737 824 τὸ
777 782 858 825 ἀπὸ
904 785 996 837 ΤΣ,
1033 783 1227 826 τουτέστι
1264 789 1322 842 τῷ
1354 790 1430 826 τοῦ

106 845 187 888 ἀπὸ
221 849 304 889 ΕΛ
345 845 454 900 πρὸς
490 845 538 888 τὸ
577 845 659 889 ἀπὸ
693 850 791 888 ΔΒ.
842 846 913 888 καὶ
950 848 1091 890 πάντα
1127 846 1236 902 πρὸς
1270 849 1430 890 πάντα·
1488 875 1491 877 -

105 911 162 959 ὡς
199 911 282 965 ἄρα
319 909 367 952 τὸ
406 909 489 952 ἀπὸ
528 914 614 952 ΑΔ
650 910 759 966 πρὸς
795 911 847 952 τὰ
883 909 965 953 ἀπὸ
1006 913 1105 966 ΓΔ,
1142 915 1252 966 ΔΒ,
1296 913 1433 962 οὕτως

106 974 224 1016 ἐστὶν
260 973 308 1016 τὸ
346 974 429 1017 ἀπὸ
455 977 540 1016 ΡΤ
570 971 679 1028 πρὸς
715 973 763 1016 τὸ
803 973 884 1016 ἀπὸ
919 978 1020 1029 ΤΣ,
1055 975 1280 1018 τουτέστιν
1310 976 1333 1018 6
1364 978 1432 1018 δο-

107 1038 203 1088 θεὶς
234 1040 384 1092 λόγος·
435 1040 543 1081 ὥστε
574 1038 622 1080 τὸ
659 1040 748 1080 ΘΚ
777 1038 906 1093 μέρος
939 1045 1014 1093 τῆς
1045 1046 1177 1095 τομῆς
1210 1047 1324 1082 ποιεῖ
1357 1039 1434 1082 τὸν

105 1118 250 1145 τοπον.

170 1168 347 1209 Τούτων
379 1167 517 1216 οὕτως
548 1166 735 1221 ἐχόντων
759 1165 1027 1221 ἐλευσόμεθα
1053 1166 1122 1209 ἐπὶ
1146 1166 1195 1209 τὸ
1222 1167 1264 1218 ἐξ
1290 1168 1431 1223 ἀρχῆς.
1486 1191 1490 1193 *

165 1234 272 1273 ἔστω
297 1230 420 1273 θέσει
447 1231 600 1273 εὐθεῖα
626 1231 651 1285 ἡ
672 1234 752 1272 ΑΒ
777 1231 846 1272 καὶ
874 1229 1010 1272 δοθὲν
1034 1229 1082 1273 τὸ
1104 1234 1145 1273 Γ
1164 1232 1212 1274 ἐν
1235 1238 1293 1288 τῷ
1317 1232 1432 1288 αὐτῷ

107 1294 308 1352 ἐπιπέδῳ,
332 1294 404 1337 καὶ
429 1296 597 1350 διήχθω
622 1296 648 1349 ἡ
669 1297 755 1337 ΔΓ
773 1295 842 1337 καὶ
867 1295 1052 1344 κάθετος
1072 1294 1098 1348 ἡ
1118 1299 1213 1348 ΔΕ,
1238 1297 1366 1349 λόγος
1385 1293 1433 1338 δὲ

108 1357 216 1402 ἔστω
242 1366 315 1413 τῆς
343 1361 384 1401 Γ
379 1363 420 1400 Δ
443 1358 553 1414 πρὸς
578 1363 670 1401 ΔΕ.
709 1358 833 1412 λέγω,
859 1359 925 1400 ὅτι
950 1357 997 1400 τὸ
1022 1362 1065 1400 Δ
1090 1360 1264 1400 ἅπτεται
1289 1361 1434 1401 κώνου

106 1430 250 1477 τομῆς,
274 1423 346 1465 καὶ
370 1421 447 1464 ἐὰν
467 1421 546 1476 μὲν
566 1422 589 1465 6
610 1424 735 1477 λόγος
753 1419 781 1481 ᾗ
801 1423 893 1472 ἴσος
910 1421 1019 1475 πρὸς
1038 1423 1150 1476 ἴσον,
1172 1425 1434 1476 παραβολῆς,

107 1487 184 1529 ἐὰν
209 1485 256 1529 δὲ
281 1485 477 1529 ἐλάσσων
499 1486 607 1540 πρὸς
630 1490 817 1541 μείζονα,
842 1485 1083 1539 ἐλλείψεως,
1109 1486 1183 1529 ἐὰν
1209 1485 1256 1529 δὲ
1280 1489 1436 1539 μείζων

107 1552 216 1605 πρὸς
241 1550 468 1605 ἐλάσσονα,
493 1551 748 1605 ὑπερβολῆς.

166 1617 273 1658 ἔστω
291 1616 507 1670 πρότερον
525 1615 548 1658 6
568 1617 695 1669 λόγος
716 1615 809 1664 ἰ’σος
827 1613 933 1668 πρὸς
953 1619 1063 1668 ἴσον,
1084 1614 1308 1657 τουτέστιν
1325 1612 1434 1657 ἔστω

110 1682 324 1734 πρότερον
355 1680 425 1733 ἴση
452 1679 477 1733 ἡ
506 1681 583 1721 ΓΔ
613 1686 663 1735 τῇ
690 1682 789 1721 ΔΕ.
838 1678 992 1732 δεῖξαι,
1024 1679 1088 1721 ὅτι
1114 1677 1161 1720 τὸ
1188 1683 1230 1720 Δ
1260 1680 1435 1720 ἅπτεται

109 1746 371 1799 παραβολῆς.

167 1809 291 1862 ἤχθω
325 1807 510 1857 κάθετος
544 1807 569 1861 ἡ
607 1810 705 1850 ΓΖ·
755 1806 878 1849 θέσει
912 1808 996 1861 ἄρα
1029 1805 1138 1848 ἐστι’·
1187 1813 1237 1861 τῇ
1271 1806 1319 1848 δὲ
1349 1808 1435 1848 ΑΒ

110 1872 384 1925 παράλληλος
413 1871 440 1925 ἡ
466 1874 571 1913 ΔΗ.
615 1870 686 1913 καὶ
720 1870 810 1913 ἐπεὶ
842 1871 890 1912 τὸ
922 1870 1005 1913 ἀπὸ
1031 1874 1112 1912 ΕΔ
1144 1871 1242 1912 ἴσον
1271 1875 1330 1927 τῷ
1350 1869 1434 1912 ἀπὸ

171 2026 202 2056 4.
238 2021 300 2055 καὶ
326 2021 394 2068 ἔτι]
418 2022 481 2056 καὶ
508 2021 604 2056 ἔστιν
629 2021 728 2062 cod.‚
753 2021 814 2055 καὶ
840 2021 877 2063 ἐξ
902 2018 945 2056 οὗ
972 2018 1015 2055 ὃν
1040 2019 1111 2066 ἔχει
1136 2018 1156 2055 ὁ
1181 2020 1309 2059 δοθεὶς
1332 2018 1436 2064 λόγος

112 2069 173 2104 καὶ
207 2068 303 2103 ἔστιν
329 2067 485 2103 Hultsch
511 2079 592 2102 cum
618 2067 890 2102 Commandino.
960 2066 1048 2101 Post
1075 2068 1142 2101 ΤΣ
1164 2066 1251 2100 add.
1277 2065 1436 2103 ἐλάσσων

111 2114 203 2158 πρὸς
226 2113 374 2159 μείζονα
400 2115 477 2149 cod.
600 2117 652 2148 10.
690 2116 791 2148 ΖΑΕ
835 2115 947 2149 ΘΔΗ
970 2114 1047 2148 cod.
1169 2116 1224 2146 1³.
1250 2114 1325 2155 ΓΔ,
1350 2111 1432 2157 ΔΒ]

112 2164 180 2196 ΒΗ
203 2162 281 2196 cod.
422 2165 475 2196 17.
508 2160 537 2202 ζ’
560 2161 751 2204 praemisit
811 2159 931 2194 ultsch
957 2171 1039 2194 cum
1065 2158 1159 2194 aliis.
1293 2161 1346 2193 19.
1372 2158 1435 2193 καὶ

113 2208 215 2253 (alt.)]
242 2218 310 2242 om.
339 2208 430 2252 eod,
457 2207 621 2242 Hultsch.
718 2210 772 2241 24.
799 2207 902 2252 ἔστω]
929 2206 1014 2241 ἔστω
1039 2211 1111 2241 τῶν
1137 2205 1228 2248 cod.⁸
1254 2204 1341 2240 ἔστω
1366 2204 1435 2249 γὰρ

113 2254 280 2289 Hultsch.
