1494 2450
360 52 562 89 SCHOLIA
587 52 640 87 IN
665 50 1007 87 PHAENOMENA
1280 50 1364 92 155

62 166 101 209 A
131 164 266 207 δύνει.
315 162 465 211 κοινὸς
495 162 779 216 προσκείσθω
812 159 835 202 ὁ
865 161 1044 215 χρόνος,
1079 159 1128 201 ἐν
1158 153 1193 215 ᾦ
1225 158 1251 213 ἡ
1278 161 1369 200 ΕΚ

41 229 258 282 ξαλλάττει
294 228 344 270 τὸ
384 226 580 282 φανερὸν
618 225 934 281 ἡμισφαίριον·
983 222 1033 266 ἐν
1069 225 1242 267 πλείονι
1280 224 1364 278 ἄρα

46 295 158 352 ρόνῳ
183 295 209 350 ἡ
232 295 365 336 ΖΕΚ
388 291 636 342 ἐξαλλάττει
654 291 703 333 τὸ
725 291 924 346 φανερὸν
944 290 1236 345 ἡμισφαίριον
1255 291 1364 344 ἤπερ

22 458 24 466 ,
79 425 172 468 128.
209 423 283 466 Ἐκ
318 429 545 479 περισσοῦ.
595 429 683 465 τῶν
721 422 868 464 αὐτῶν
905 420 1210 474 ὑποκειμένων
1247 419 1365 462 ἀπει-
1417 433 1436 462 5

20 492 174 548 λήφθω
205 489 230 544 ἡ
263 492 346 531 ΕΖ
380 489 437 544 μὴ
469 488 626 543 μείζων
657 489 1021 542 τεταρτημορίου,
1059 486 1131 528 καὶ
1163 487 1365 541 εἰλήφθω

45 557 152 612 υχὸν
181 561 362 609 σημεῖον
393 554 441 596 τὸ
469 556 534 608 Η,
571 552 643 596 καὶ
675 550 785 595 ἔστω
819 551 923 595 καθ’
954 548 1008 594 οὗ
1042 551 1220 607 φέρεται
1246 552 1294 594 τὸ
1323 554 1371 593 Η

21 629 196 677 σημεῖον
226 619 504 674 παράλληλος
535 619 696 669 κύκλος
727 617 749 660 ὁ
781 620 981 671 ΘΚΗΛ,
1018 616 1091 659 καὶ
1123 619 1288 659 κείσθω
1314 623 1365 671 τῇ

25 689 113 730 ΖΗ
131 686 202 741 ἴση
227 687 253 741 ἡ
280 688 402 728 ΚΜ·
454 689 526 740 ἴση
559 685 645 740 ἄρα
676 683 765 726 ἐστὶ
797 682 870 726 καὶ
896 683 922 738 ἡ
950 685 1096 725 ΚΕΗ
1120 689 1172 739 τῇ
1198 685 1364 724 ΜΕΖ·

866 748 993 803 λέγω,
1025 748 1092 790 ὅτι
1120 747 1168 790 ἐν
1193 750 1364 790 πλείονι
1393 760 1436 791 10

865 816 1010 872 χρόνῳ
1030 814 1056 869 ἡ
1078 816 1227 856 ΚΕΗ
1244 828 1365 865 περι-

866 879 1022 935 φέρεια
1041 879 1287 931 ἐξαλλάττει
1314 880 1363 921 τὸ

866 946 1064 1001 φανερὸν
1078 945 1367 1001 ἡμισφαίριον

763 1052 779 1064 ,,
864 1013 974 1066 ἤπερ
1002 1011 1026 1067 ἡ
1054 1014 1153 1053 ΜΕ
1162 1013 1207 1052 Ζ.

925 1079 1034 1119 ἔστω
1055 1075 1155 1119 καθ’
1175 1073 1228 1118 οὗ
1243 1090 1367 1131 φερε-
1396 1087 1438 1119 15

865 1159 935 1185 ται
988 1144 1037 1185 τὸ
1082 1145 1140 1184 Μ
1186 1148 1369 1196 σημεῖον

865 1208 1143 1263 παράλληλος
1164 1207 1325 1257 κύκλος
1345 1205 1368 1248 ὁ

865 1273 1032 1321 ΝΜΞ·
1060 1274 1131 1327 ἰ’ση
1147 1274 1231 1326 ἄρα
1248 1270 1370 1314 ἐστὶν

866 1339 1026 1394 ἡΚΜ
1054 1345 1104 1395 τῇ
1142 1341 1243 1380 OH.
1294 1338 1366 1380 καὶ

867 1403 960 1447 ἐπεὶ
998 1401 1151 1459 ἔγγιόν
1186 1403 1307 1446 ἐστιν
1342 1404 1368 1458 ἡ
1396 1416 1440 1446 20

871 1472 962 1513 ΟΗ
974 1476 1048 1525 τῆς
1070 1475 1272 1524 συναφῆς
1289 1475 1369 1511 τοῦ

907 1540 1095 1591 θερινοῦ
1122 1541 1336 1590 τροπικοῦ

23 1601 129 1662 ἤπερ
154 1601 180 1656 ἡ
208 1605 259 1644 Η
263 1605 322 1655 Ζ,
355 1601 403 1644 ἐν
434 1603 606 1645 πλείονι
639 1603 723 1656 ἄρα
754 1603 899 1659 χρόνῳ
931 1602 956 1655 ἡ
986 1603 1083 1643 ΟΗ
1109 1601 1234 1642 δύνει
1260 1601 1369 1655 ἥπερ

24 1666 51 1723 ἡ
74 1669 175 1709 ΗΖ.
225 1666 274 1710 ἐν
299 1663 332 1725 ᾧ
360 1667 409 1710 δὲ
434 1669 579 1725 χρόνῳ
605 1668 631 1722 ἡ
661 1670 758 1709 OH
778 1668 917 1721 δύνει,
943 1666 968 1721 ἡ
996 1668 1100 1708 ΜΚ
1121 1664 1369 1708 ἀνατέλλει·

25 1729 73 1775 ἐν
106 1733 276 1775 πλείονι
314 1733 401 1788 ἄρα
435 1734 580 1790 χρόνῳ
615 1733 640 1787 ἡ
679 1735 779 1774 ΜΚ
815 1731 1041 1774 ἀνατέλλει
1074 1732 1183 1786 ἤπερ
1219 1732 1245 1786 ἡ
1282 1734 1372 1773 ΗΖ
1397 1743 1441 1774 25

25 1795 157 1840 δύνει.
199 1799 347 1848 κοινὸς
379 1801 662 1854 προσκείσθω
696 1797 718 1840 ὁ
744 1799 917 1853 χρόνος,
951 1796 1000 1840 ἐν
1025 1793 1105 1855 ᾧὴ
1131 1799 1288 1839 ΜΕΗ
1308 1796 1370 1847 ἐξ·

25 1862 225 1905 αλλυέσσει
244 1865 293 1906 τὸ
315 1863 512 1919 φανερὸν
533 1863 841 1918 ἡμισφαίριον·
875 1862 922 1905 ἐν
941 1864 1113 1905 πλείονι
1127 1863 1212 1918 ἄρα
1226 1863 1370 1918 χρόνῳ

24 1926 50 1983 ἡ
85 1929 230 1970 ΚΕΗ
260 1927 506 1979 ἐξαλλάττει
543 1929 592 1971 τὸ
632 1929 830 1983 φανερὸν
868 1928 1159 1984 ἡμισφαίριον
1195 1928 1305 1982 ἥπερ
1345 1926 1370 1981 ἡ

22 1993 172 2035 ΜΕΖ.

25 2061 34 2118 f
83 2058 178 2100 129.
214 2058 288 2101 Ἐκ
325 2065 550 2115 περισσοῦ.
602 2067 690 2101 τῶν
729 2059 876 2101 αὐτῶν
912 2058 1217 2114 ὑποκειμένων
1251 2058 1371 2101 ἄπει·
1399 2070 1443 2101 30

31 2178 34 2179 ’
84 2177 162 2210 129.
187 2175 244 2210 M³
268 2187 328 2220 qs.

27 2284 30 2286 ’
83 2284 138 2316 26.
162 2283 314 2330 ΜΕΗ]
339 2285 380 2318 Η
402 2283 440 2317 in
465 2294 534 2321 rae.
562 2295 608 2320 m.
637 2287 656 2320 2
683 2284 766 2322 Vass,
865 2288 920 2320 28.
948 2283 1042 2331 ἤπερ
1070 2283 1092 2330 ἡ
1119 2284 1261 2334 ΜΕΖ]
1288 2283 1372 2320 add.

24 2327 70 2371 ’μι
101 2332 122 2365 2
151 2329 235 2370 Vat.
