1494 2450
547 26 889 63 PHAENOMENA
1346 25 1403 67 83

4 186 7 200 1
53 141 96 184 et
118 138 302 195 adparet,
327 152 449 181 arcus
477 135 575 192 ΑΞ,
601 135 699 191 ΞΟ,
727 139 827 192 ΟΘ,
856 138 960 191 ΘΠ,
988 139 1038 178 Π
1041 139 1090 190 Ρ,
1117 137 1203 177 ΡΓ
1221 135 1403 177 arcubus

54 206 144 260 ΓΚ,
169 206 264 259 ΚΛ,
290 205 391 258 ΛΗ,
414 205 526 257 ΗΜ,
547 205 658 257 MN,
679 204 768 245 NA
794 205 837 245 et
862 201 1061 256 aequales
1087 215 1180 243 esse
1204 203 1247 243 et
1273 214 1404 256 oppo-

10 287 11 291 ’
53 271 167 313 sitos.
216 271 260 311 et
292 268 496 324 quoniam
531 267 805 324 semicirculi,
840 268 914 323 qui
949 270 1049 323 post
1084 265 1293 309 Cancrum
1329 269 1405 319 est,

52 335 244 391 aequales
269 348 391 377 arcus
416 347 504 376 non
528 333 698 389 aequali
723 337 916 389 tempore
942 333 1153 387 occidunt,
1180 331 1254 375 sed
1274 332 1404 373 maxi-

52 401 143 456 mis,
175 401 248 456 qui
279 399 332 442 ad
364 401 585 443 contactus
616 400 881 456 tropicorum
913 401 1027 454 sunt,
1057 399 1224 440 minore
1249 400 1406 451 autem,

0 455 7 523 ξ
53 466 125 522 qui
142 465 220 509 hos
241 465 439 521 deinceps
459 468 708 521 sequuntur,
727 465 918 508 minimis
932 467 1088 520 autem,
1108 464 1182 519 qui
1196 463 1249 506 ad
1264 463 1405 518 aequi-

0 525 7 591 ᾗ
51 531 275 574 noctialem
308 533 426 586 sunl,
458 531 626 586 aequali
659 534 801 573 autem
834 530 882 586 ii,
916 531 996 586 qui,
1021 530 1074 572 ab
1102 529 1406 585 aequinoctiali

0 594 6 646 i
52 596 215 653 aequali
229 597 453 639 intervallo
469 596 631 639 distant
646 596 786 652 [prop.
797 595 915 651 XII],
936 596 1124 638 maximo
1141 595 1235 649 ΑΞ,
1248 597 1327 637 ΡΓ
1334 609 1405 638 oc-

0 665 5 718 ξ
53 663 210 718 cidunt,
235 662 399 705 minore
422 665 566 705 aubem
588 662 680 717 ΞΟ,
701 665 795 717 ΠΡ,
822 662 1002 704 minimo
1023 664 1166 703 autem
1190 663 1283 715 ΟΘ,
1308 663 1405 714 ΘΠ,

0 742 5 769 ι
54 728 217 784 aequali
243 733 383 771 autem
404 728 490 777 ΑΞ
505 732 548 770 et
569 730 654 782 ΡΓ,
675 727 753 776 ΞΟ
773 730 816 770 ek
837 730 932 782 ΠΡ,
954 730 1034 769 ΟΘ
1058 730 1101 769 et
1130 730 1224 770 ΘΠ.
1257 741 1405 769 verum

0 798 4 844 ξ
53 809 136 850 quo
166 797 358 849 'campore
385 794 479 849 ΑΞ,
511 794 601 850 ΞΟ,
630 797 723 848 ΟΘ,
753 796 850 848 ΘΠ,
878 796 973 848 ΠΡ,
1000 795 1079 835 ΡΓ
1104 793 1324 847 occidunt,
1355 807 1405 835 eo

0 883 3 888 ·
54 861 146 914 ΓΚ,
165 862 263 914 KA,
285 862 384 914 AH,
405 862 516 914 HM,
537 862 649 914 ΜΝ,
671 862 759 901 ΝΑ
786 859 994 901 oriuntur.
1045 859 1191 914 itaque
1216 859 1405 900 maximo

0 935 3 964 i
52 928 240 981 tempore
263 927 354 979 ΓΚ,
381 927 465 967 NA
485 926 694 979 oriuntur,
721 925 886 967 minore
907 927 1049 966 autem
1071 926 1169 978 KA,
1190 927 1302 979 ΜΝ,
1329 923 1406 966 mi-

111 1091 202 1118 nam
227 1080 280 1117 sit
305 1078 573 1117 semicirculus
599 1078 734 1129 ΒΘΑ,
761 1077 831 1127 qui
855 1078 947 1128 post
973 1076 1167 1115 Cancrum
1193 1078 1264 1125 est,
1290 1087 1408 1125 super

53 1139 216 1188 terram,
250 1139 290 1177 et
315 1138 518 1177 dividatur
542 1139 711 1188 uterque
737 1149 852 1175 arcus
877 1137 973 1188 ΒΘ,
1005 1136 1075 1175 ΘΔ
1100 1138 1141 1174 in
1167 1138 1247 1175 tres
1273 1137 1407 1184 partes

55 1198 237 1248 aequales
262 1199 304 1236 in
330 1199 489 1247 punctis
520 1198 566 1246 Ο,
593 1198 647 1247 Π,
675 1199 716 1248 P,
742 1199 789 1235 Σ.
822 1198 1010 1246 quoniam
1036 1197 1108 1234 ΒΟ
1133 1196 1283 1234 maiore
1309 1197 1407 1233 tem-

53 1269 145 1307 pore
170 1257 324 1306 occidit,
349 1271 469 1307 quam
494 1258 572 1296 ΟΠ
596 1253 724 1309 [prop.
746 1253 855 1308 xl1]‚
880 1269 1019 1295 verum
1040 1267 1117 1305 quo
1138 1258 1316 1305 tempore
1336 1255 1408 1293 ΒΟ

55 1317 206 1366 occidit,
232 1318 315 1355 AN
337 1318 477 1366 oritur,
502 1318 543 1355 et
568 1329 646 1366 quo
672 1319 850 1367 tempore
875 1317 955 1354 011
976 1315 1133 1364 occidit,
1160 1316 1255 1353 MN
1280 1316 1408 1353 oritur

56 1373 182 1426 [prop.
202 1375 295 1426 XI],
329 1378 406 1415 NA
437 1378 586 1415 maiore
611 1379 789 1426 tempore
815 1377 943 1415 oritur
969 1388 1089 1426 quam
1115 1376 1225 1414 NM.
1269 1387 1406 1413 rursus

57 1438 240 1486 quoniam
265 1437 344 1476 ΟΠ
365 1438 512 1475 maiore
537 1438 716 1485 tempore
743 1435 888 1474 occidit
913 1448 1033 1485 quam
1053 1435 1144 1483 ΠΘ,
1171 1447 1308 1474 verum
1329 1447 1406 1484 quo

55 1497 227 1546 tempore
257 1497 344 1535 011
364 1495 526 1545 occidit,
558 1496 605 1534 N
609 1496 664 1534 M
683 1496 828 1545 oritur,
861 1497 901 1534 et
926 1508 1004 1545 quo
1029 1497 1207 1544 tempore
1234 1496 1279 1533 Π
1285 1495 1319 1533 Θ
1345 1507 1406 1533 oc-

57 1554 170 1605 cidit,
194 1557 289 1594 HM
317 1556 459 1607 oritur,
492 1556 538 1594 Ν
542 1556 596 1593 Μ
616 1556 767 1594 maiore
793 1556 970 1604 tempore
997 1555 1124 1593 oritur
1150 1567 1272 1603 quam
1300 1555 1406 1593 MH.

57 1613 190 1653 eadem
224 1614 272 1653 de
306 1627 425 1654 causa
460 1616 581 1653 etiam
614 1617 690 1653 ΒΚ
728 1616 876 1653 maiore
914 1617 1089 1664 tempore
1128 1615 1256 1653 oritur
1288 1626 1408 1663 quam

57 1675 134 1712 ΚΛ
158 1676 195 1713 et
222 1676 301 1713 ΚΛ
332 1687 453 1725 quam
478 1677 579 1713 ΛΗ.
624 1676 664 1713 et
696 1676 887 1724 quoniam
919 1687 997 1724 quo
1030 1676 1207 1723 tempore
1234 1674 1278 1711 Π
1286 1673 1320 1712 Θ
1345 1685 1407 1712 oc-

57 1733 162 1785 cidit,
187 1747 232 1773 eo
258 1735 379 1773 etiam
402 1734 471 1773 ΘΡ
492 1730 621 1786 [prop.
635 1730 745 1786 XII],
770 1747 907 1774 verum
935 1746 1011 1783 quo
1035 1733 1113 1772 ΠΘ
1132 1733 1289 1783 occfflst,
1317 1734 1410 1770 MH

57 1794 193 1843 oritur,
223 1796 263 1832 et
289 1806 368 1843 quo
393 1795 571 1843 tempore
601 1794 677 1833 ΘΡ
698 1794 854 1843 occidit,
886 1795 969 1831 HA
995 1793 1136 1842 oritur,
1161 1794 1283 1831 etiam
1309 1793 1413 1830 ΜΗ

59 1853 213 1903 aequali
243 1854 421 1903 fflempore
453 1854 583 1892 oritur
613 1855 734 1903 atque
761 1855 854 1893 HA.
898 1852 1037 1892 eadem
1067 1852 1115 1891 de
1141 1864 1261 1891 causa
1285 1853 1409 1891 etiam

59 1913 136 1950 KA
166 1913 325 1963 aequali
354 1915 533 1963 tompore
565 1915 694 1952 oritur
726 1915 845 1963 atque
872 1914 977 1951 MN
998 1914 1038 1952 et
1061 1913 1140 1951 ΒΚ
1165 1914 1286 1963 atque
1312 1913 1408 1950 AN.

58 1983 204 2022 rursus,
228 1974 416 2023 quoniam
442 1985 520 2023 quo
546 1975 722 2022 tempore
743 1972 823 2012 ΠΘ
848 1973 986 2022 oritur,
1011 1985 1056 2011 eo
1077 1973 1197 2011 etiam
1222 1972 1291 2010 ΘΡ
1306 1967 1411 2025 (ib.),

59 2042 192 2070 verum
218 2045 295 2082 quo
320 2034 497 2082 tempore
517 2033 596 2070 ΠΘ
616 2034 753 2082 oritur,
779 2034 877 2070 MH
893 2032 1049 2082 occidit,
1075 2034 1115 2070 et
1135 2045 1213 2081 quo
1233 2034 1410 2081 tempore

64 2089 137 2128 ΘΡ
155 2091 294 2140 oritur,
325 2093 408 2129 HA
434 2091 589 2141 occidit,
615 2094 710 2130 ΛΗ
731 2092 891 2142 aequali
915 2094 1093 2142 tempore
1119 2091 1264 2130 occidit
1290 2093 1411 2140 atque

61 2149 168 2188 HM.
211 2151 349 2190 eadem
380 2151 427 2190 de
458 2164 578 2190 causa
609 2153 730 2190 etiam
757 2154 835 2189 ΚΛ
868 2152 1029 2202 aequali
1060 2153 1238 2202 tempore
1266 2150 1412 2189 occidit

107 2316 143 2352 b.
172 2322 202 2352 1.
218 2316 421 2364 Καρκίνον]
436 2319 476 2353 in
490 2330 559 2354 ras.
575 2318 658 2354 Vnt.
696 2322 727 2354 3.
742 2319 831 2353 Post
846 2319 976 2354 Zadd.
992 2325 1133 2364 σημεῖα.
1149 2316 1214 2354 καί
1226 2330 1273 2353 m.
1290 2322 1310 2352 2
1325 2318 1409 2354 Vat.

1151 2378 1195 2411 03*
