1494 2450
57 708 100 738 10

56 1027 99 1057 15

132 19 215 61 278
647 19 946 56 FRAGMENTA

130 125 213 179 ἄρα
243 131 322 167 τοῦ
353 125 436 167 ὑπὸ
468 129 593 168 ΖΑΕ
625 128 732 180 πρὸς
763 129 812 169 τὸ
838 127 922 170 ἀπὸ
946 131 1041 170 ΔΓ
1068 130 1198 182 λόγος
1231 128 1353 173 ἐστὶν
1384 133 1408 174 δ
1436 142 1491 187 ἦς

130 192 237 238 θείς.
287 187 379 231 ἐπεὶ
414 188 462 231 δὲ
500 191 629 244 λόγος
663 190 783 233 ἐστὶν
812 198 887 246 τῆς
917 195 1000 234 ΕΔ
1033 193 1142 247 πρὸς
1166 196 1254 235 AB
1284 193 1355 236 καὶ
1384 184 1491 251 τῆςξῖ

134 257 213 295 ΖΔ
248 254 359 306 πρὸς
388 257 475 296 AB
512 255 582 296 καὶ
619 260 694 308 τῆς
727 258 807 297 ΖΒ
844 256 952 308 πρὸς
983 259 1084 306 BA,
1122 256 1145 299 ὁ
1181 258 1311 307 αὐτὸς
1343 248 1486 340 αὐτῷξξ

128 316 341 371 γεγονέτω
377 317 400 359 ὁ
432 324 506 372 τῆς
532 321 618 360 ΑΒ
651 319 761 371 πρὸς
787 322 898 361 ΒΗ·
938 322 1009 362 καὶ
1041 321 1141 374 ὅλης
1172 322 1255 375 ἄρα
1279 328 1352 376 τῆς
1375 326 1489 367 ΑΖνζ

127 382 237 435 πρὸς
262 385 305 422 A
313 383 363 422 H
390 383 520 436 λόγος
550 380 669 423 ἐστὶν
695 385 854 433 ὃοθείς.
896 385 1040 438 πάλιν,
1072 384 1162 427 ἐπεὶ
1188 386 1316 438 λόγος
1340 386 1454 430 ἐστὶν
1466 379 1485 418 Ῑξ

125 451 200 499 τῆς
224 447 306 486 EA
335 445 444 499 πρὸς
469 448 556 487 AB
592 445 762 500 δοθείς,
799 447 871 489 καὶ
903 454 978 501 τῆς
1008 451 1091 490 ΕΒ
1126 450 1209 503 ἄρα
1239 451 1346 504 πρὸς
1377 453 1454 494 ΒΔ

128 511 255 562 λόγος
282 507 401 551 ἐστὶν
427 510 589 559 δοθείς.
638 509 660 552 ὁ
687 511 818 560 αὐτὸς
842 511 958 567 αὐτῷ
985 511 1197 566 γεγονέτω
1224 512 1247 554 ὁ
1272 519 1346 567 τῆς
1369 517 1453 556 ΑΒ

124 574 234 625 πρὸς
253 575 333 614 ΒΘ
346 586 354 594 ·
388 576 515 627 λόγος
540 574 623 627 ἄρα
643 574 715 616 καὶ
732 580 808 628 τῆς
827 577 906 616 ΑΒ
926 576 1033 630 πρὸς
1052 578 1132 617 ΒΘ
1151 575 1269 618 ἐστιν
1289 577 1458 628 domis-v

124 634 262 678 δοθὲν
293 638 376 691 ἄρα
407 637 455 678 τὸ
483 640 531 679 Θ.
580 637 652 680 καὶ
685 640 833 689 λοιπὸς
863 645 937 694 τῆς
963 643 1004 680 Α
1014 642 1052 681 Ε
1083 639 1190 694 πρὸς
1218 643 1298 682 ΘΛ
1329 642 1454 695 λόγος

125 700 243 742 ἐστὶν
268 701 440 750 δοθείς·
472 700 543 743 καὶ
569 708 647 743 τοῦ
672 702 756 744 ὑπὸ
779 704 899 745 ΖΑΕ
921 704 1003 756 ἄρα
1028 704 1135 757 πρὸς
1153 705 1201 746 τὸ
1222 704 1305 746 ὑπὸ
1329 707 1459 747 ΘΛΗ

126 766 252 818 λόγος
284 764 374 806 ἐστὶ
407 766 568 815 ὃοθείς.
617 772 694 808 τοῦ
721 764 768 808 δὲ
794 766 878 808 ὑπὸ
907 770 1031 808 ΖΑΕ
1058 768 1166 821 πρὸς
1190 767 1238 809 τὸ
1264 768 1348 810 ἀπὸ
1376 771 1416 810 Γ
1412 774 1452 811 Δ

125 831 252 882 λόγος
287 829 404 871 ἐστὶν
439 830 611 879 δοθείς·
653 829 725 872 καὶ
759 836 837 872 τοῦ
872 830 957 872 ὑπὸ
984 833 1071 872 HA
1082 834 1118 873 Θ
1151 832 1233 886 ἄρα
1266 833 1372 886 πρὸς
1405 835 1452 875 τὸ

125 892 207 934 ἀπὸ
233 895 321 934 ΔΓ
339 894 468 946 λόγος
493 893 611 935 ἐστὶν
635 895 796 944 ὃοθείς.
844 897 918 936 καί
941 895 1058 937 ἐστιν
1083 896 1164 937 δύο
1190 895 1379 938 δοθέντα
1402 897 1453 938 τὰ

128 959 179 1008 Θ,
206 959 272 998 Η·
316 956 384 999 ἐπὶ
409 955 490 1010 μὲν
514 959 598 1011 ἄρα
623 965 698 1012 τῆς
722 961 892 1013 πρώτης
915 960 1117 1009 πτώσεως
1141 961 1189 1001 τὸ
1217 962 1258 1000 Γ
1277 961 1451 1002 ἅπτεται

126 1020 367 1073 ἐλλείψεως,
393 1020 462 1063 ἐπὶ
489 1019 535 1063 δὲ
561 1028 635 1076 τῆς
661 1023 864 1077 δευτέρας
887 1023 1142 1077 ὑπερβολῆς.

184 1086 496 1139 συντεθήσεται
523 1083 570 1127 δὲ
596 1085 619 1128 ὁ
645 1089 774 1136 τόπος
800 1087 956 1136 οὕτως·
1185 1115 1191 1121 -

182 1146 291 1190 ἔστω
322 1150 373 1191 τὰ
405 1147 485 1202 μὲν
510 1150 590 1191 δύο
617 1150 806 1192 δοθέντα
832 1159 983 1204 σημεῖα
1008 1152 1059 1192 τὰ
1084 1155 1145 1203 Α,
1172 1154 1226 1204 Β,
1258 1150 1280 1192 ὁ
1307 1151 1355 1193 δὲ
1380 1152 1450 1193 ὁό-

123 1211 220 1261 θεὶς
245 1213 375 1266 λόγος
399 1213 422 1254 ὁ
448 1219 523 1267 τῆς
542 1215 621 1254 ΡΤ
632 1214 739 1266 πρὸς
765 1217 851 1268 ΤΣ,
879 1215 946 1256 ἐπὶ
965 1215 1045 1267 μὲν
1064 1220 1138 1267 τῆς
1156 1215 1326 1269 πρώτης
1344 1217 1451 1257 πτώ-

821 1296 857 1328 K

389 1616 420 1648 P
725 1613 750 1644 T

915 1619 949 1651 Σ
1103 1619 1137 1654 Υ

120 1724 228 1761 σεως
253 1711 447 1754 ἐλάσσων
471 1713 579 1764 πρὸς
603 1713 788 1766 μείζονα,
814 1712 882 1753 ἐπὶ
907 1712 956 1754 δὲ
980 1718 1054 1766 τῆς
1074 1713 1276 1766 δευτέρας
1295 1717 1448 1768 μείζων

123 1820 130 1846 ’-
179 1825 210 1856 2.
243 1820 306 1856 καὶ
329 1827 393 1866 τῆς
420 1824 483 1856 ΖΔ
507 1820 601 1863 πρὸς
626 1825 657 1855 Δ
666 1822 711 1867 Β]
743 1832 813 1856 om.
838 1821 995 1856 Hultsch
1020 1833 1101 1857 cum
1127 1822 1400 1858 Commandino.

121 1872 151 1903 6.
186 1868 248 1903 καὶ
272 1873 337 1913 τῆς
361 1888 405 1893 —
432 1873 462 1903 ’1.
490 1865 634 1914 δοθείς]
660 1868 758 1911 cod.,
793 1867 864 1902 nisi
895 1868 993 1912 quod
1018 1867 1179 1904 δοθέντα
1203 1869 1316 1904 habet
1340 1870 1448 1914 (siout

119 1914 234 1949 obiam
263 1916 347 1958 post
371 1918 439 1949 AB
470 1914 534 1949 lin.
561 1918 616 1957 6);
650 1924 718 1949 om.
751 1914 908 1949 Hultsch
939 1925 1022 1949 cum
1053 1915 1326 1951 Commandino.

121 1964 151 1995 ⁹1.
179 1962 256 2005 ΑΒ]
276 1962 347 1996 ΑΘ
371 1960 529 1995 Hultseh
555 1971 638 1995 cum
665 1961 940 1996 Commandino.
1036 1965 1067 1995 9.
1094 1962 1210 1997 δοθὲν
1234 1961 1308 2006 ἄρα
1331 1962 1371 1998 τὸ
1398 1964 1446 2010 Θ]

119 2008 223 2041 uncis
254 2006 407 2042 inclusit
431 2006 598 2041 Hultsch.
764 2007 890 2048 λοιπὸς
933 2007 1057 2049 λοιπὸς
1089 2007 1161 2052 ἄρα
1186 2008 1352 2043 Hultsch.

121 2057 176 2088 15.
213 2053 299 2088 Post
330 2053 534 2100 ὑπερβολῆς
562 2053 646 2088 add.
679 2052 808 2097 μείζων
838 2066 887 2097 πρ
913 2067 931 2094 ς
961 2053 1138 2090 ἐλάσσονα
1169 2053 1327 2091 ἐλάσσων
1355 2054 1447 2099 πρὸς

119 2098 268 2144 μείζονα
294 2100 372 2134 cod.
471 2104 523 2135 16.
551 2100 584 2138 ς’
609 2100 800 2144 praemisit
824 2099 981 2135 Hulksch
1006 2111 1089 2135 cum
1115 2100 1208 2135 aliia.
1304 2104 1356 2136 18.
1382 2105 1446 2146 τῆς

122 2149 186 2181 ΡΤ
208 2144 298 2189 πρὸς
320 2148 401 2191 ΤΣ]
427 2152 492 2182 τοῦ
517 2146 593 2182 ἀπὸ
613 2148 678 2181 ΡΤ
698 2146 791 2189 πρὸς
814 2146 854 2182 τὸ
880 2145 954 2182 ἀπὸ
977 2149 1046 2181 ΤΣ
1068 2146 1222 2182 Hultsch
1241 2158 1324 2182 oum
1343 2147 1444 2183 Com-

119 2192 306 2227 mandino.
391 2196 443 2227 1⁹.
470 2192 599 2237 μείζων
623 2193 715 2234 πρὸς
738 2193 914 2228 ἐλάσσονα
939 2194 977 2228 et
1001 2193 1160 2229 ἐλάσσων
1183 2193 1275 2237 πρὸς
1298 2192 1445 2238 μείζονα

120 2238 277 2273 Hultech
303 2250 384 2274 cum
411 2239 684 2274 Commandino.
