1494 2450
92 747 135 778 10

93 1067 135 1098 15

90 1387 135 1418 20

89 1707 134 1737 25

87 2026 134 2057 80

162 53 189 94 2
193 54 249 95 50
680 57 977 94 FRAGMENTA

159 160 267 214 πρὸς
292 161 372 214 τὴν
397 164 500 216 ΒΘ,
530 163 598 204 καὶ
633 163 691 212 ὡς
715 164 800 218 ἄρα
824 164 850 218 ἡ
878 166 957 206 ΓΒ
988 168 1096 220 πρὸς
1119 167 1200 220 τὴν
1225 170 1321 222 BA,
1353 168 1443 211 οὔτ’
1486 167 1487 171 ’

159 223 186 276 ἡ
213 226 299 265 ΚΒ
329 226 439 280 πρὸς
462 228 542 280 τὴν
566 229 671 268 ΒΘ·
715 228 989 283 παράλληλος
1019 230 1102 285 ἄρα
1133 229 1252 272 ἐστὶν
1275 232 1302 285 ἡ
1327 231 1438 274 AG
1484 254 1486 260 r

161 290 257 329 ΚΓ.
308 286 427 332 ἔστιν
452 287 534 332 οὗν
558 291 708 345 πάλιν,
741 292 798 341 ὡς
822 292 847 346 ἡ
875 297 963 335 AZ
986 294 1096 347 πρὸς
1119 296 1200 349 τὴν
1229 298 1328 350 ΖΕ,
1353 296 1441 339 οὔτ
1479 314 1493 340 e

159 352 186 405 ἡ
208 354 292 394 ΓΗ
310 355 418 409 πρὸς
437 355 516 408 τὴν
537 357 648 396 ΗΕ·
680 354 878 410 ἑκάτερος
896 358 979 412 γὰρ
998 365 1086 400 τῶν
1106 358 1345 414 εἰρημένων
1365 359 1458 414 λόγ,

161 415 183 458 ὁ
215 416 346 466 αὐτός
371 416 490 460 ἐστιν
513 423 572 474 τῷ
592 426 666 473 τῆς
697 422 779 461 ΚΘ
808 422 915 475 πρὸς
939 423 1019 475 τὴν
1047 425 1152 464 ΘΕ·
1195 423 1304 465 ὥστε
1327 424 1444 478 παρά

162 482 291 534 ληλός
317 481 435 523 ἐστιν
458 483 484 536 ἡ
513 485 606 523 ZH
623 489 674 538 τῇ
701 488 804 526 ΛΔ.
1454 483 1455 486 “

218 542 267 598 η’.
288 544 427 587 ’'Em-m
452 547 670 600 βωμίσκος
695 547 717 589 ὁ
745 550 916 590 ΑΒΓΔ
925 551 1078 602 ΕΖΗ
1103 549 1175 591 καὶ
1201 548 1308 592 ἔστω
1334 550 1448 606 παρά
1466 590 1494 610 ἢ

162 611 290 662 ληλος
319 610 345 663 ἡ
376 625 455 663 μεν
480 613 570 651 ΛΕ
598 617 648 666 τῇ
675 614 768 666 ΒΓ,
799 612 825 666 ἡ
857 610 906 654 δὲ
930 615 1028 654 ΕΗ
1052 619 1103 669 τῇ
1131 617 1233 656 ΒΖ·
1277 615 1343 656 ὅτι
1367 611 1494 658 καὶ

161 675 248 713 ΔΖ
272 679 323 728 τῇ
350 675 435 715 PH
452 674 724 728 παράλληλός
750 675 879 718 ἐστιν.
1492 679 1494 682 ’

220 735 546 792 ἐπεζεύχθωσαν
577 739 620 780 az
646 741 746 793 ΒΕ,
772 745 815 781 Δ
825 743 871 795 Γ
902 744 1009 783 ΖΗ·
1049 747 1148 784 ἴσον
1180 743 1261 797 ἄρα
1293 741 1463 786 ἐστὶντ

160 803 285 842 ΔΒΕ
294 804 511 856 τρίγωνον
523 808 580 859 τῷ
596 805 718 844 ΔΓΕ

160 866 368 921 τριγώνῳ.
411 866 563 907 κοινὸν
587 878 717 921 προσ-

159 931 322 970 κείσθω
366 930 413 971 τὸ
451 933 584 971 ΔΑΕ
627 933 717 985 τρί-
1473 931 1494 989 ξ

161 1005 327 1045 γωνον·
384 993 488 1035 ὅλον
537 995 620 1048 ἄρα
669 996 717 1037 τὸ

163 1058 284 1096 ΑΒΕ
309 1058 524 1111 τρίγωνον
551 1058 635 1114 ὅλῳ
661 1063 721 1115 τῷ
1476 1045 1494 1130 ἶ

203 1121 325 1161 ΓΔΑ
349 1122 545 1177 τριγώνῳ
574 1126 671 1164 ἴσον
1478 1134 1494 1216 Ξ

161 1181 289 1225 ἐστίν.
327 1185 472 1239 πάλιν,
498 1183 588 1228 ἐπεὶ
614 1200 718 1240 παρ-

161 1247 344 1301 άλληλός
368 1247 487 1291 ἐστιν
512 1249 537 1303 ἡ
560 1253 643 1291 ΒΖ
668 1256 718 1305 τῇ

160 1313 257 1365 ΕΗ,
279 1315 376 1355 ἴσον
396 1312 514 1355 ἐστὶν
533 1315 581 1356 τὸ
601 1317 720 1356 ΒΖΕ

161 1375 377 1429 τρίγωνον
401 1383 459 1434 τῷ
480 1380 610 1419 ΒΖΗ
627 1394 716 1432 τρι-

161 1439 297 1495 γώνῳ.
311 1441 714 1499 κοινὸνάφῃρήσθω
784 1443 811 1475 Β

160 1503 208 1544 τὸ
228 1506 348 1545 ΑΒΖ
366 1506 602 1559 τρίγωνον·
629 1508 718 1547 λοι-
1488 1536 1491 1538 —

159 1568 245 1609 πὸν
275 1569 359 1622 ἄρα
381 1569 430 1610 τὸ
457 1572 591 1611 ΑΒΕ
619 1571 835 1623 τρίγωνον
867 1573 1005 1627 λοιπῷ
1036 1574 1099 1626 τῷ
1123 1573 1261 1612 ΑΗΖ
1292 1556 1494 1651 τριγώνρῆ

161 1635 258 1673 ἴσον
282 1631 410 1674 ἐστίν.
460 1633 568 1675 ἀλλὰ
594 1634 641 1675 τὸ
669 1636 790 1675 ΑΒΕ
813 1634 1030 1688 τρίγωνον
1054 1639 1115 1690 τῷ
1142 1637 1267 1676 ΑΓΔ
1291 1637 1494 1706 τριγώνῳ

160 1693 278 1737 ἐστὶν
310 1696 430 1738 ἴσον
473 1696 543 1738 καὶ
569 1698 617 1739 τὸ
644 1700 772 1739 ΑΓΔ
804 1699 887 1752 ἄρα
912 1700 1129 1752 τρίγωνον
1155 1703 1215 1755 τῷ
1241 1702 1385 1741 ΑΖΗ
1404 1679 1494 1782 mu}

159 1759 284 1816 γώνῳ
323 1763 420 1802 ἴσον
456 1760 586 1803 ἐστίν.
641 1761 793 1803 κοινὸν
830 1763 1106 1816 προσκείσθω
1146 1764 1194 1805 τὸ
1227 1765 1371 1804 ΑΓΗ
1399 1751 1494 1835 tob-⁴}

159 1837 324 1876 γωνον·
363 1824 509 1867 ὅλον’
492 1826 575 1880 ἄρα
600 1826 648 1867 τὸ
676 1827 806 1867 ΓΔΗ
824 1826 1039 1881 τρίγωνον
1064 1826 1150 1882 ὅλῳ
1177 1832 1235 1884 τῷ
1258 1829 1384 1868 ΓΖΗ
1402 1808 1494 1882 τριηέ

159 1887 284 1944 γώνῳ
317 1892 414 1930 ἰσον
446 1888 573 1931 ἐστίν.
623 1891 697 1931 καί
727 1889 846 1931 ἐστιν
877 1889 945 1931 ἐπὶ
970 1896 1044 1944 τῆς
1069 1890 1202 1944 αὐτῆς
1226 1890 1390 1944 βάσεως
1415 1897 1494 1945 τῆ,

160 1953 270 1993 ΓΗ·
301 1952 573 2008 παράλληλος
599 1954 684 2008 ἄρα
709 1953 827 1995 ἐστὶν
851 1954 877 2008 ἡ
905 1955 998 1995 ΓΗ
1016 1960 1066 2009 τῇ
1091 1956 1135 1994 Δ
1145 1956 1191 1995 Ζ

216 2014 272 2057 θ’.
294 2015 433 2059 ’Έστω
458 2019 675 2072 τρίγωνον
699 2019 747 2059 τὸ
769 2019 899 2070 ΑΒΓ,
924 2017 996 2059 καὶ
1021 2016 1068 2059 ἐν
1093 2017 1210 2074 αὐτῷ
1235 2014 1492 2073 διήχθωσαν

158 2080 202 2120 αὶ
231 2083 331 2134 ΑΔ,
358 2084 462 2135 ΛΕ,
494 2082 564 2123 καὶ
590 2088 640 2134 τῇ
668 2083 755 2123 ΒΓ
778 2081 1051 2136 παράλληλος
1076 2060 1214 2135 ἤχθώ
1225 2082 1250 2135 ἡ
1280 2084 1385 2135 ΖΗ,
1416 2083 1487 2126 καὶ

215 2192 248 2223 4.
273 2188 458 2236 ἑκάτερος]
484 2189 637 2239 ἑκατέρᾳ
663 2191 755 2233 eod„
785 2190 965 2235 ἑκατέρων
989 2189 1157 2225 Hultsoh.
1255 2194 1286 2225 6.
1312 2191 1395 2237 ΑΔ]
1421 2188 1494 2226 ΑΓ

157 2234 494 2318 Ξέἓὲρηῄἒὲιείἓίοὴ.
640 2240 693 2272 18.
725 2237 747 2282 ἡ
774 2239 840 2271 ΒΖ
863 2242 906 2283 τῇ
934 2237 1031 2282 ΕΗ]
1055 2241 1098 2282 τῇ
1125 2239 1192 2271 ΒΖ
1216 2237 1239 2282 ἡ
1266 2239 1343 2272 ΕΗ
1368 2237 1494 2282 suspi-
