1456 2456
113 91 260 126 XLVIII
603 95 928 131 PROLEGOMEN
930 98 961 132 A

114 208 197 231 cum
219 197 268 241 M,
292 198 394 233 velut
417 210 451 242 p
468 202 546 241 188,
563 202 599 240 3;
627 203 706 243 200,
721 204 782 243 213
808 204 886 243 202,
904 206 956 244 18,
972 207 1032 246 22,
1059 207 1137 247 212,
1153 208 1190 247 63
1216 209 1294 249 218,
1310 211 1341 248 2,
1357 211 1375 241 7

115 365 158 389 ex
191 330 279 390 1341
312 355 575 400 transcriptum
607 357 780 400 arbitror,
818 370 853 402 p.
875 362 1028 402 19Ο,14,
1050 364 1092 394 15
1126 364 1214 395 1346
1245 374 1317 406 mg.
1343 375 1389 396 m.
1411 367 1439 394 ‘²

114 407 205 441 item
229 419 265 452 p.
282 412 361 473 192,
376 412 501 443 7-21.

113 675 212 719 dis.¹)
250 675 422 710 continuo
444 676 573 711 inserit
591 676 879 720 propositionem
904 689 956 712 nr.
972 681 989 712 7
1011 678 1196 724 signatam
1208 680 1244 724 ²),
1270 692 1344 724 qua
1362 682 1426 716 nul

113 727 187 762 lam
202 728 383 762 rationem
398 728 608 773 multiplum
623 739 701 763 esse
721 729 949 764 demonstrat
967 732 1208 775 compositam
1228 744 1272 767 ex
1290 734 1440 769 rationi·

113 780 181 814 bus
210 780 605 825 superparticularibus
635 780 709 815 nisi
734 781 848 815 solam
872 782 1054 817 rationem
1078 783 1279 829 duplicem;
1310 798 1342 821 v.
1367 787 1430 821 Ian

113 831 256 877 Proleg.
284 833 323 866 in
357 832 563 867 Sectionem
593 845 628 877 p.
651 837 727 868 117.
778 835 980 877 sequuntur
1011 835 1143 880 Porph.
1168 847 1294 882 propp.
1321 841 1415 872 8—1

115 901 158 912 =
172 883 333 918 VII—XI
351 884 425 919 hui.
442 884 497 919 ed.
517 884 557 918 in
576 883 756 919 divisione
774 896 904 930 propp.
918 886 995 929 XII,
1012 887 1095 922 XIII
1116 888 1246 933 Porph.
1268 900 1290 924 a
1308 900 1373 925 nos
1413 890 1422 898 ‘

113 936 278 971 Euclidis
310 936 498 971 codicibus
529 948 677 981 prorsus
708 937 881 973 discedit:
912 938 1043 984 Porph.
1066 943 1108 974 13
1131 958 1174 969 =
1200 941 1266 976 XII
1289 941 1364 976 hui.
1385 943 1430 976 ed

113 1000 148 1032 p.
166 992 423 1031 172,12-21;
458 992 500 1023 14
521 1006 564 1018 =
586 992 844 1032 172,22—28;
878 994 920 1025 15
940 1009 984 1020 =
1006 995 1188 1035 174,1—4
1216 995 1313 1038 (post
1336 994 1399 1030 lin.

113 1040 327 1084 τριπλάσιον
352 1041 436 1075 add.
462 1040 594 1086 Porph.
620 1042 890 1086 ἀποδέδεικται,
915 1043 978 1078 lin.
999 1048 1018 1078 5
1043 1042 1084 1079 τό
1101 1065 1144 1070 -
1161 1046 1259 1081 ἐστιν
1284 1057 1370 1088 om.;
1398 1052 1415 1082 1

114 1093 146 1128 εἰ
171 1095 249 1138 (pro
270 1092 542 1131 ἀποδέδεικται)
568 1093 642 1137 ἄρα
664 1111 706 1123 =
730 1099 807 1136 174,
822 1098 954 1138 6-15;
982 1100 1023 1130 17
1044 1114 1086 1126 =
1106 1097 1205 1142 XIV3
1233 1101 1275 1133 18
1295 1116 1338 1128 =
1358 1099 1424 1134 XV

115 1150 157 1180 19
178 1163 221 1175 =
241 1145 333 1180 XVI.
377 1145 472 1180 hanc
497 1146 711 1182 divisionem
740 1149 845 1192 patet
875 1148 912 1182 in
938 1148 1126 1184 Euclidem
1152 1161 1260 1194 posse
1285 1151 1427 1186 conferr

68 1193 75 1205 ⁸
114 1209 156 1232 ac
183 1198 310 1233 dubito
337 1209 383 1232 an
409 1198 611 1243 Porphyrio
635 1210 742 1234 nemo
768 1201 962 1245 exprobret
986 1201 1069 1246 ipsi.
1110 1213 1177 1236 nec
1201 1213 1284 1238 vero
1309 1203 1420 1238 inutil

113 1261 192 1285 esse
218 1252 429 1295 excerptum
454 1250 548 1286 illud
574 1252 622 1286 ad
646 1252 757 1287 verba
781 1252 946 1288 Euclidis
972 1253 1230 1289 constituenda
1255 1255 1424 1299 declarari

112 1303 204 1346 loci,
228 1303 361 1347 quibus
385 1303 517 1347 Porph.
545 1306 671 1338 contra
695 1307 838 1340 nostros
863 1305 1026 1340 Euclidis
1052 1306 1156 1340 codd.
1182 1317 1303 1342 veram
1329 1308 1425 1352 scrip

112 1358 233 1390 turam
253 1355 484 1400 suppeditat:
510 1367 545 1400 p.
562 1360 639 1399 160,
651 1360 752 1400 8,13;
781 1361 910 1401 162‚9;
938 1359 1122 1403 164,14⁸);
1150 1362 1301 1402 172,25;
1329 1364 1406 1402 176,

114 1406 269 1451 (πλείω);
294 1409 485 1452 praeterea
503 1419 585 1442 cum
599 1409 647 1443 W
663 1409 740 1444 solo
759 1410 913 1454 praebet
936 1422 971 1455 p.
986 1414 1063 1454 162,
1078 1415 1098 1445 3
1118 1411 1316 1456 ἐμάθομεν,
1341 1415 1362 1446 8
1381 1413 1423 1457 ἐμ

112 1466 292 1503 πεσεῖται,
325 1463 367 1494 13
392 1461 457 1495 καὶ
481 1461 577 1503 ἐπεί,
607 1472 689 1495 cum
713 1462 742 1495 B
769 1461 845 1497 solo
874 1466 950 1505 174,
966 1467 985 1497 9
1012 1463 1069 1507 δή.
1113 1466 1149 1498 et
1172 1464 1242 1499 hae
1266 1464 1422 1500 lectione

113 1523 238 1547 omnes
259 1513 495 1548 inveniuntur
512 1513 551 1547 in
571 1513 649 1548 cod.
669 1514 879 1549 Monacensi
900 1518 966 1549 385
993 1527 1020 1550 s.
1038 1515 1103 1550 XV
1125 1516 1242 1550 Hardt
1258 1516 1309 1550 IV
1326 1529 1361 1561 p.
1375 1521 1417 1551 19

112 1567 158 1610 (ν.
177 1578 211 1610 p.
226 1565 288 1599 XL
307 1567 408 1610 not),
435 1566 498 1610 qui
524 1566 673 1610 quidem
697 1577 779 1600 cum
798 1566 1001 1611 Porphyrio
1027 1580 1061 1612 p.
1078 1572 1155 1611 166,
1169 1572 1230 1611 2ὅ;
1258 1572 1335 1612 168,
1350 1574 1382 1612 9,
1396 1573 1416 1603 2

111 1618 317 1663 particulae
336 1618 409 1662 ἄρα
427 1614 566 1653 iustum
591 1618 712 1654 locum
738 1619 917 1664 adsignat.
954 1620 1016 1655 sed
1043 1622 1166 1656 tamen
1192 1621 1231 1655 in
1256 1622 1384 1657 ceteris
1404 1633 1422 1655 e

113 1671 213 1715 apud
231 1670 474 1715 Porphyrium
488 1670 598 1705 Wall.
619 1674 657 1705 et
681 1671 719 1705 in
745 1671 823 1706 cod.
844 1671 939 1706 Mon.
965 1672 1083 1707 multa
1108 1673 1430 1718 deprehenduntur

113 1733 207 1767 quae
233 1722 279 1757 ab
298 1722 451 1758 Euclide
475 1724 639 1767 profecto
665 1725 750 1758 sunt
774 1723 906 1759 aliena.
941 1725 1039 1769 quod
1064 1727 1105 1759 ut
1129 1726 1362 1770 perspicuum
1380 1723 1441 1771 sit,

113 1775 347 1810 collationem
373 1775 508 1810 addam
528 1775 606 1810 cod.
627 1776 723 1811 Mon.
750 1776 894 1811 omissis
918 1776 964 1811 iis
989 1777 1191 1822 scripturis,
1216 1789 1306 1822 quas
1333 1779 1441 1814 modo

113 1827 409 1871 commemoravi,
443 1829 481 1863 et
511 1828 660 1863 stellula
693 1829 881 1873 adposita,
914 1829 978 1863 ubi
1009 1829 1139 1874 Porph.
1172 1832 1210 1865 et
1241 1831 1319 1865 cod.
1343 1830 1439 1866 Mon.

113 1882 334 1923 congruunt:

170 1942 204 1975 p.
223 1935 334 1974 160,8
358 1945 393 1966 τι
416 1932 622 1978 διάστημα*
667 1937 709 1968 10
734 1931 812 1979 τόν]
839 1934 902 1969 καὶ
920 1933 1008 1970 τόν*
1056 1940 1120 1969 τοῦ
1141 1935 1191 1981 Γ]
1216 1935 1309 1979 πρὸς
1326 1935 1390 1970 τὸν

114 1987 156 2018 12
182 1982 260 2030 καί]
286 1984 375 2019 om!
435 1988 476 2019 13
503 1984 522 2019 ὁ
547 1987 786 2032 (utrumquem
818 1987 881 2021 καὶ
907 1986 950 2021 ὁ*
1007 1985 1086 2032 καί]
1111 1997 1181 2022 om.
1241 1991 1283 2022 16
1308 1989 1441 2023 πολλα-

111 2035 266 2071 πλάσιον
291 2037 414 2072 ἔσται*
480 2040 524 2071 20
551 2037 678 2084 οὕτως]
711 2037 804 2073 οὓτω
830 2037 917 2073 καί*
980 2050 1016 2082 p.
1034 2041 1143 2081 162,1
1170 2038 1455 2096 πολλοιινιύωέσιοινι

174 2154 207 2197 1)
240 2152 425 2198 Suspicari
458 2154 563 2198 licet,
597 2154 841 2199 Porphyrium
871 2156 1064 2209 utramque
1095 2098 1456 2198 demonstrationem}

114 2201 200 2234 ante
225 2199 348 2234 oculos
373 2200 546 2235 habuisse
571 2202 682 2245 atque
707 2201 862 2236 alteram
887 2201 999 2246 priori
1024 2200 1250 2246 praetulisse.
1447 2199 1456 2252 Ῐ

1446 2269 1454 2383 3

1444 2385 1456 2456 3

171 2247 205 2290 2)
231 2246 362 2281 Adfert
385 2247 479 2282 hanc
503 2258 605 2292 prop.
626 2248 756 2292 Porph
783 2260 817 2301 p.
833 2251 898 2282 272
919 2247 1029 2284 Wall.

174 2294 207 2337 3)
233 2293 274 2327 In
299 2293 478 2338 adparatu
504 2305 587 2328 cum
611 2295 698 2329 Iano
724 2294 840 2329 omisi.
