1494 2450
538 32 878 69 PRAENOMENA
1302 33 1384 74 109

9 132 16 204 J
95 145 200 199 dico,
225 147 352 187 etiam
379 143 547 198 aequali
571 146 764 198 ternpore
791 157 863 184 eos
889 157 1026 197 areuS,
1052 145 1126 197 qui
1147 143 1200 184 ab
1221 144 1387 184 utrovis

38 212 232 254 contactu
270 211 534 264 tropicorum
571 209 740 263 aequali
779 207 919 263 spatio
959 207 1130 261 distent,
1170 207 1388 249 oecultum

6 252 23 351 J,
36 275 393 331 hemisphaerium
420 275 670 330 permutare.

93 355 191 382 nam
222 342 308 383 sint
333 340 482 382 circuli
507 334 719 395 paralleli,
752 354 829 394 per
855 353 962 394 quos
987 341 1148 394 puncta
1173 341 1231 392 A,
1257 342 1309 392 E,
1340 341 1388 393 Ζ,

7 438 11 451 -,
38 409 93 462 Κ,
121 409 170 461 Θ,
196 409 247 448 Η
263 406 472 461 feruntur,
498 407 595 460 ΔΟ,
620 404 711 459 ΕΞ,
741 407 825 458 ΖΡ,
851 407 955 459 ΚΝ,
985 406 1088 458 ΘΜ
1113 406 1210 445 ΗΛ.
1242 406 1388 458 itaque

9 503 11 505 »
37 486 156 514 arcus
176 474 275 525 ΗΘ,
294 473 395 513 AM
413 470 580 526 aequali
606 473 799 525 tempore
820 471 1100 524 conspicuum
1121 469 1389 524 hemisphae-

39 537 148 579 rium
173 539 420 592 permutant
447 537 585 592 [prop.
605 534 742 590 XIV].
791 550 939 578 verum
966 549 1051 590 quo
1078 537 1272 590 tempore
1297 538 1391 577 ΗΘ

38 603 310 658 conspicuum
337 602 699 656 hemisphaerium
726 604 955 656 permutat,
981 615 1030 643 eo
1057 605 1100 642 A
1109 604 1148 642 E
1173 601 1387 643 oecultum

2 662 10 702 ζ
37 669 260 724 permutat,
293 670 336 710 et
361 683 446 722 quo
473 670 666 721 tempore
691 669 797 708 AM
818 670 1095 722 conspicuum
1123 666 1389 721 hemisphae-

38 735 145 775 rium
170 735 403 788 permutat,
434 747 484 775 eo
511 732 595 780 ΞΟ
621 732 837 774 oecultum
865 734 1081 787 permutat
1108 732 1248 787 [prop.
1275 731 1388 787 XV}

38 811 136 853 ergo
173 812 293 840 arcus
320 802 422 853 EA,
451 798 536 846 ΟΞ
571 797 739 852 aequali
776 801 969 853 tempore
1008 798 1225 841 occultum
1258 797 1390 839 hemi-

0 891 5 912 1
39 862 279 918 sphaerium
305 866 560 919 permutant.

95 926 231 970 XVII.
251 927 454 985 Arcuum,
474 932 549 985 qui
568 929 621 971 ad
641 932 864 985 utramque
881 932 1044 984 partem
1061 928 1390 984 aequinoctialis

0 1006 2 1025 1
39 995 136 1036 sunt
155 996 282 1049 atque
308 997 350 1037 et
376 995 573 1050 aequales
594 997 637 1037 et
656 995 825 1051 aequali
845 997 987 1051 spatio
1008 995 1061 1037 ab
1082 994 1389 1050 aequinoctiali

40 1057 255 1114 distantes,
281 1074 366 1115 quo
385 1063 577 1116 tempore
596 1060 706 1103 alter
724 1063 940 1116 permutat
961 1063 1239 1116 conspicuum
1258 1059 1391 1101 hemi-

1 1155 5 1160 <
40 1124 292 1181 sphaerium,
317 1140 366 1167 eo
393 1125 501 1168 alter
525 1126 754 1181 oecultum,
781 1129 823 1169 et
848 1141 932 1181 quo
959 1128 1151 1181 tempore
1172 1127 1279 1168 alter
1297 1140 1390 1182 per-

0 1202 3 1217 ¹
39 1192 176 1232 mutat
201 1192 416 1233 oecultum
443 1191 819 1248 hemisphaerium,
846 1206 894 1235 eo
921 1192 1030 1234 alter
1056 1195 1347 1248 conspicuum.

0 1259 2 1262 ’
345 1259 350 1268 ’
1021 1260 1131 1300 sitin
1143 1258 1302 1299 mundo
1313 1257 1390 1299 ho-

959 1327 1080 1366 rizon
1093 1325 1228 1378 ΑΒΓ,
1248 1326 1391 1379 aequi-

989 1388 1191 1432 noctialis
1217 1391 1357 1431 autem

961 1454 1145 1496 circulus
1178 1454 1235 1496 sit
1255 1457 1389 1506 ΒΔΓ,

990 1519 1189 1562 zodiacus
1216 1522 1359 1563 autem

962 1586 1147 1628 circulus
1212 1589 1390 1641 positio-

961 1666 1059 1692 nem
1090 1650 1248 1692 habeat
1274 1652 1391 1693 velut

962 1720 1098 1771 ΑΕΘ,
1113 1719 1155 1758 et
1168 1716 1221 1758 ad
1231 1718 1391 1759 utram-

962 1797 1044 1837 que
1064 1784 1230 1836 partem
1248 1786 1390 1837 aequi-

960 1848 1161 1890 noctialis
1194 1862 1316 1890 arcus
1349 1851 1392 1890 et

961 1913 1158 1967 aequales
1185 1916 1227 1955 et
1252 1913 1305 1954 ab
1327 1928 1391 1955 ae-

962 1978 1391 2033 quinoctialiaequali

986 2046 1135 2099 spatio
1153 2044 1361 2086 distantes

964 2111 1052 2151 sint
1066 2111 1160 2163 ΘΚ,
1172 2111 1272 2159 ΖΗ;
1284 2109 1391 2163 dieo,

0 2229 1 2235 J
45 2183 128 2225 quo
153 2174 342 2228 tempore
366 2175 451 2215 ΘΚ
472 2176 688 2228 permutet
713 2177 991 2228 conspicuum
1017 2174 1391 2229 hemisphaerium,

45 2248 94 2277 eo
121 2239 207 2278 ZH
225 2241 467 2292 permutare
493 2238 719 2281 occultum.
