1494 2450
0 0 6 77 Ῑμ
517 54 861 91 ΡΗΔΕΝΟΜΕΝΑ
1313 53 1370 94 75

2 165 110 216 ΞΩΞ
137 167 252 210 arcui
280 169 381 208 ΟΨ
409 165 598 221 aequalis
624 168 700 207 est.
745 179 830 220 quo
857 163 991 220 igitur
1017 166 1210 218 tempore
1237 164 1280 204 Ω
1305 177 1374 204 ex-

0 230 3 274 έ
22 247 162 277 orsum
183 247 208 274 a
227 231 266 280 Ξ
289 246 432 274 arcum
453 230 541 279 ΞΩ
559 230 781 286 percurrit,
808 245 856 272 eo
877 229 1005 272 etiam
1034 232 1084 270 Ψ
1105 243 1250 271 arcum
1279 230 1373 272 ΨΟ.

0 284 164 342 ἔνεπιιηι
203 311 288 353 quo
326 299 518 351 tempore
549 299 594 338 ,Ω
627 311 826 353 exorsum
858 312 882 338 a
914 294 953 344 Ξ
984 309 1126 337 arcum
1162 293 1248 342 ΞΩ
1281 308 1374 349 per-

23 363 162 417 currit,
194 366 230 406 Β
239 366 283 404 ,Ω
309 362 478 418 occidit,
510 365 552 405 et
578 376 662 418 quo
688 364 882 416 tempore
917 364 964 402 Ψ
985 375 1131 403 arcum
1161 362 1197 401 Ο
1214 362 1261 401 Ψ
1282 374 1375 414 per-

22 429 162 481 currit,
188 431 284 471 ΒΨ
305 428 471 470 occidit.
516 428 661 483 itaque
686 442 809 469 arcus
835 429 932 483 ΩΒ,
962 429 1055 469 ΒΨ
1077 425 1245 480 aequali
1271 428 1375 467 tem-

21 509 123 550 pore
155 494 365 536 occidunt.
416 509 546 549 quare
572 493 700 535 etiam
729 496 840 548 KH,
868 495 956 535 HA
988 491 1156 547 aequali
1181 493 1375 546 tempore

22 559 233 615 occidunt3
260 559 407 602 eodem
434 560 560 602 modo
587 561 713 602 etiam
746 561 840 612 ΘΚ,
860 561 966 601 AM.
998 558 1143 600 eadem
1171 557 1222 599 de
1248 571 1376 599 causa
1441 552 1446 557 ’

22 625 146 669 etiam
167 628 264 680 ΑΘ,
284 627 380 667 ΜΓ
398 625 567 681 aequali
592 628 783 680 tempore
804 623 1014 667 occidunt.
1047 629 1193 665 verum
1215 625 1376 664 maiore

80 772 119 809 et
143 772 439 811 considerentur
465 786 524 821 ea,
558 786 658 822 quae
684 773 869 821 diximus,
900 773 940 810 in
968 769 1140 810 secunda
1165 770 1304 821 figura,
1337 770 1376 807 et

21 831 72 870 sit
103 832 390 881 semicirculus,
423 834 490 882 qui
523 834 615 882 post
641 831 837 871 Cancrum
870 833 948 880 est,
980 830 1051 870 sub
1083 832 1190 868 terra
1217 831 1305 876 ΑΓ,
1337 831 1376 866 et

21 889 220 930 dividatur
250 893 417 942 uterque
451 905 563 930 arcus
591 893 696 943 AH,
723 893 810 930 ΗΓ
835 893 876 930 in
909 893 988 930 tres
1022 892 1156 941 partes
1189 889 1374 939 aequales

23 1923 65 1961 in
90 1923 247 1974 punctis
276 1924 323 1974 Θ,
349 1925 398 1972 Κ,
423 1926 475 1973 A,
501 1925 571 1974 M,
605 1926 645 1962 et
676 1925 758 1962 sint
782 1925 921 1963 circuli
945 1925 1147 1974 paralleli,
1181 1940 1251 1976 per
1277 1940 1375 1976 quos

20 1985 168 2032 puncta
197 1984 243 2031 Θ,
263 1985 314 2034 K,
334 1986 388 2034 A,
408 1985 463 2021 Μ
484 1984 679 2033 feruntur,
706 1986 751 2023 Ν
754 1981 803 2035 Ξ,
834 1985 933 2035 OH,
955 1987 1045 2036 ΡΣ,
1068 1987 1150 2023 TI‘.
1186 1988 1374 2036 quoniam

23 2043 108 2080 ZH
127 2043 255 2081 maior
280 2044 340 2081 est
365 2055 485 2093 quam
505 2043 646 2082 similis
668 2045 776 2082 arcui
794 2045 900 2095 KH,
927 2044 979 2083 sit
998 2045 1107 2083 arcui
1128 2047 1217 2084 ΚΠ
1232 2046 1375 2085 similis

23 2101 66 2138 Η
74 2102 121 2139 Φ.
163 2102 300 2152 itaque
332 2115 409 2152 quo
442 2104 619 2152 tempore
646 2105 683 2141 K
709 2104 758 2141 ab
783 2105 821 2142 K
847 2116 1039 2154 exorsum,
1071 2107 1286 2155 postquam
1313 2119 1375 2144 ar-

23 2171 112 2199 cum
137 2163 227 2200 KH
253 2162 466 2212 percurrit,
500 2162 551 2200 ad
576 2164 621 2201 H
647 2164 846 2213 pervenit,
880 2176 925 2202 eo
952 2165 1074 2202 etiam
1100 2165 1146 2203 H
1167 2165 1217 2203 ab
1244 2167 1288 2203 H
1312 2178 1373 2203 ex·

23 2231 172 2270 orsum,
202 2222 415 2271 postquam
442 2234 577 2260 arcum
602 2224 649 2260 Η
655 2224 693 2261 Φ
716 2224 929 2272 percurrit,
961 2223 1012 2262 ad
1041 2226 1079 2263 Φ
1104 2226 1309 2275 perveniet
1336 2228 1375 2263 et

24 2279 189 2318 circulus
222 2280 404 2319 zodiacus
436 2283 675 2331 positionem
706 2282 868 2321 habebit
892 2283 1004 2322 velut
1032 2285 1121 2322 ΦΠ
1128 2286 1176 2323 X.
1226 2297 1374 2333 rursus,

25 2341 209 2392 quoniam
234 2342 320 2378 ΛΣ
348 2342 476 2383 maior
507 2343 568 2381 est
599 2355 717 2394 quam
752 2342 894 2385 similis
920 2344 1029 2382 arcui
1054 2345 1101 2383 Η
1104 2346 1154 2394 Z,
1187 2344 1240 2386 sit
1264 2345 1375 2386 arcui
