1494 2450
562 43 867 80 FRAGMENTA
1308 42 1394 84 249

18 152 146 214 ἓρτρὸς
170 156 252 210 τὴν
276 159 320 198 Δ
330 157 375 197 Γ.
420 151 604 203 ἐναλλάξ
631 151 768 203 ἐστιν,
794 152 852 203 ὡς
877 152 903 207 ἡ
931 155 1018 195 ΑΔ
1049 153 1161 207 πρὸς
1185 153 1267 207 τὴν
1293 154 1395 206 ΗΛ,

17 210 176 271 ἷῖοὕτως
202 221 228 276 ἡ
256 223 335 263 ΓΔ
360 220 470 276 πρὸς
493 220 575 274 τὴν
601 221 642 260 Λ
650 220 720 272 Μ,
745 217 975 261 τουτέστιν
999 219 1027 272 ἡ
1046 221 1089 260 Λ
1102 221 1139 260 Θ
1163 218 1273 273 πρὸς
1303 219 1394 259 ΘΛ.

16 288 111 338 {uod
141 286 231 329 ἐστι
263 286 543 342 παράλληλος
573 285 600 339 ἡ
627 285 716 326 ΗΛ
740 289 792 340 τῇ
819 286 907 325 ΛΔ
921 296 930 306 ·
977 284 1135 326 εὐθεῖα
1161 284 1246 339 ἄρα
1273 281 1395 324 ἐστὶν

14 351 63 408 «ἡ
89 353 163 395 διὰ
188 359 277 394 τῶν
304 355 360 406 Α,
386 354 444 405 Η,
473 353 511 393 Θ
537 351 747 405 σημείων·
779 355 911 392 τοῦτο
937 350 1020 405 γὰρ
1047 349 1256 405 φανερόν.

96 415 144 466 ς’.
185 418 347 471 Πάλιν,
379 415 457 459 ἐὰν
489 411 516 473 ᾖ
545 416 821 470 καταγραφή,
847 413 921 457 καὶ
946 415 1228 469 παράλληλος
1253 414 1280 468 ἡ
1307 416 1397 456 ΔΖ
1446 423 1466 455 5

34 489 87 539 τῇ
113 485 209 537 ΒΓ,
241 485 410 537 γίνεται
444 486 515 536 ἴση
541 481 567 536 ἡ
594 483 682 523 AB
707 487 758 536 τῇ
784 482 877 522 ΒΓ.
929 478 1039 522 ἔστω
1073 477 1156 522 οὖν
1189 484 1284 534 ἴση·
1327 479 1395 521 ὅτι

35 547 323 604 παράλληλος.

95 611 218 656 ἔστιν
249 613 320 656 δέ·
363 612 441 655 ἐὰν
465 613 548 668 γὰρ
575 618 626 668 τῇ
652 614 736 654 ΕΒ
768 615 957 668 προσθῶ
983 618 1034 668 τῇ
1062 614 1152 653 ΗΒ
1188 615 1288 666 ἴσην
1315 611 1396 665 τὴν

24 682 74 736 ,Β
86 682 124 722 Θ
142 679 215 721 καὶ
236 677 438 730 ἐπιζεύξω
459 679 536 728 τὰς
554 681 597 720 Α
608 680 665 732 Θ,
688 679 784 732 ΘΓ,
810 679 979 731 γίνεται
998 677 1395 732 παραλληλόγραμ-

0 754 122 800 ’ζμον
152 745 201 787 τὸ
228 746 435 798 ΑΘΓΗ,
472 742 546 786 καὶ
578 743 653 785 διὰ
683 744 815 785 τοῦτό
848 742 985 793 ἐστιν,
1023 743 1080 792 ὡς
1112 741 1139 796 ἡ
1165 746 1253 784 ΑΔ
1284 742 1395 797 πρὸς
1422 750 1466 783 10

24 811 117 866 τὴν
137 813 248 865 ΔΕ,
273 810 412 860 οὕτως
437 809 464 864 ἡ
487 811 567 851 ΓΖ
592 810 703 865 πρὸς
726 809 808 863 τὴν
830 811 935 850 ΖΕ·
968 807 1170 862 ἑκάτερος
1196 808 1279 864 γὰρ
1305 814 1396 850 τῶν

19 903 24 932 1-
38 875 280 932 εἰρημένων
317 874 340 918 ὁ
378 875 511 925 αὐτός
538 872 670 917 ἐστιν
707 878 768 932 τῷ
805 880 881 928 τῆς
915 876 1013 916 ΘΗ
1043 874 1153 928 πρὸς
1190 874 1271 928 τὴν
1303 875 1398 915 ΗΕ

20 972 27 986 »,
38 942 178 999 λόγῳ·
210 941 321 983 ὥστε
346 940 622 994 παράλληλός
648 939 767 982 ἐστιν
791 939 817 994 ἡ
845 942 934 982 ΔΖ
959 945 1011 994 τῇ
1038 940 1135 980 ΑΓ.
1375 954 1377 956 ·

271 1664 303 1699 Θ

42 1822 151 1868 ἔστω
177 1826 204 1880 ἡ
229 1829 312 1868 BA
327 1840 334 1847 ·
368 1826 436 1869 ὅτι
461 1827 740 1883 παράλληλός
765 1826 886 1870 ἐστιν
911 1828 938 1882 ἡ
967 1830 1062 1869 ΖΗ
1080 1834 1132 1883 τῇ
1158 1830 1202 1869 A
1211 1829 1256 1869 Γ.
1422 1839 1464 1870 15

101 1889 385 1947 ἐκβεβλήσθω
424 1893 451 1947 ἡ
482 1895 588 1946 ΕΒ,
625 1894 699 1936 καὶ
737 1894 811 1936 διὰ
848 1899 927 1936 τοῦ
954 1897 998 1935 Α
1034 1899 1087 1949 τῇ
1113 1896 1156 1934 Δ
1167 1896 1202 1934 Ζ
1240 1892 1396 1949 εὐθείᾳ

41 1957 318 2011 παράλληλος
344 1958 468 2013 ἤχθω
495 1958 521 2012 ἡ
548 1962 590 2000 Α
598 1960 660 2013 Κ,
685 1957 755 2000 καὶ
785 1958 1031 2014 ἐπεζεύχθω
1058 1959 1085 2014 ἡ
1113 1959 1209 2000 ΓΚ.

102 2021 194 2064 ἐπεὶ
219 2018 303 2064 οὖν
327 2021 462 2077 ἐστιν,
488 2023 546 2073 ὡς
571 2023 597 2078 ἡ
624 2025 705 2066 ΓΒ
730 2025 841 2079 πρὸς
865 2025 947 2078 τὴν
966 2026 1067 2078 BA,
1094 2023 1232 2073 οὕτως
1257 2023 1284 2078 ἡ
1305 2027 1349 2066 A
1358 2026 1394 2065 B
1434 2076 1441 2081 μ

41 2087 151 2140 πρὸς
176 2087 257 2141 τὴν
284 2090 380 2139 ΒΔ,
408 2088 465 2138 ὡς
492 2085 540 2130 δὲ
564 2088 591 2142 ἡ
612 2091 700 2131 ΑΒ
726 2090 837 2141 πρὸς
861 2089 943 2142 τὴν
968 2091 1069 2143 ΒΛ,
1095 2089 1234 2139 οὕτως
1262 2089 1286 2143 ἡ
1308 2090 1394 2131 ΚΒ

103 2183 135 2215 3.
173 2181 253 2226 ΑΔ]
281 2179 582 2225 Commandinus‚
614 2185 648 2217 A
658 2183 690 2217 Θ
716 2183 814 2226 eod.;
846 2183 929 2218 fort.
956 2186 1037 2218 ΔΒ.
1183 2186 1215 2218 8.
1253 2162 1395 2230 τῇ--Ε-Β

42 2229 210 2273 προσθῶ]
236 2227 304 2272 τὴν
331 2231 398 2263 ΕΒ
423 2231 484 2264 θῶ
511 2229 611 2274 cod.‚
635 2232 696 2270 θῶ
722 2229 1032 2274 Commanffinus,
1064 2231 1125 2266 ἐπ),
1149 2235 1215 2275 τῆς
1240 2233 1309 2266 ΕΒ
1334 2233 1394 2266 θῶ

42 2274 213 2311 Hultsch.
371 2280 425 2311 11.
454 2276 638 2323 ἑκάτερος]
665 2277 822 2322 ἑκατερα
847 2278 940 2323 θοὰ,
967 2275 1150 2323 ἑκατέρων
1175 2278 1336 2313 Hultseh

45 2325 100 2357 13.
126 2322 234 2371 λόγῳ]
261 2322 372 2369 λόγον
397 2324 491 2369 cod„
514 2323 623 2370 λόγος
647 2324 817 2360 Hulbsch.

9 1341 21 1459 ,ἓ

0 1709 16 2450 6
102 1758 142 1812 ζ’.
160 1760 301 1803 ’Έστω
322 1763 597 1817 καταγραφή,
616 1760 689 1804 καὶ
708 1769 797 1804 τῶν
811 1765 920 1817 ΔΒ,
941 1765 978 1804 Β
988 1764 1030 1804 Γ
1042 1762 1152 1817 μέση
1172 1762 1396 1816 ἀνάλογον
