1494 2450
147 101 231 144 292
739 103 886 140 Scholia

145 211 269 264 ἥλιος
286 208 336 252 ἐν
354 211 514 268 κόσμω,
540 217 670 253 τοῦτο
689 210 738 254 ἐν
757 213 922 265 σώματι
941 211 1184 268 ὀφθαλμός,
1210 214 1258 256 τὸ
1277 213 1380 259 αὐτὸ

149 273 218 316 ἐπὶ
254 275 414 316 τούτου
451 277 690 330 γενήσεται,
727 275 831 330 ὅπερ
868 277 940 318 καὶ
977 275 1047 319 ἐπὶ
1085 283 1163 319 τοῦ
1194 277 1332 333 ἡλίου,
1368 280 1443 324 ava

147 343 295 394 θεωρῇ
322 338 397 380 διά
420 355 539 388 τινος
564 341 760 394 σώματος
783 341 1097 395 καθαρωτάτου
1123 341 1194 383 καὶ
1219 343 1478 400 διαφανοῦς,

148 396 245 444 οἷον
276 403 325 444 τὸ
358 409 432 457 τῆς
463 403 631 445 ὑέλλου.
680 404 968 458 ὑποστήσεται
1001 405 1084 460 γάρ
1118 421 1216 448 τινα
1245 408 1414 460 παλμὸν
1468 416 1470 418 ’

100 477 120 508 5
149 466 232 508 ἀπὸ
269 472 348 507 τοῦ
383 466 617 522 ὀφθαλμοῦ
653 466 721 509 ἐπὶ
755 468 835 522 τὴν
867 469 1026 510 ὕελλον
1059 469 1324 525 ἀποχεομένη
1354 470 1447 514 ἄκτὶ
1474 507 1476 510 .

148 529 218 571 καὶ
251 532 416 584 γωνίαν
447 532 527 585 τὴν
558 531 696 586 αὐτὴν
719 534 889 586 ποιήσει
914 533 1022 588 πρὸς
1046 537 1107 590 τῷ
1132 532 1342 591 ἐνόπτρῳ,
1373 535 1469 578 οἵαν

148 595 174 648 ἡ
199 594 282 636 ἀπὸ
310 601 387 636 τοῦ
413 595 600 649 ὄμματος
625 597 733 651 πρὸς
758 597 874 638 αὐτό.
919 597 1108 651 δῆλον,
1094 598 1173 652 ότι,
1198 600 1236 640 εἰ
1260 599 1340 652 μὲν
1363 588 1494 678 πρὸςξ

148 659 287 714 ὀρθὰς
318 661 478 712 γωνίας
503 659 621 702 ἐστὶν
645 660 753 715 αὐτὴ
779 660 804 714 ἡ
831 660 913 703 ἀπὸ
938 667 1016 704 τοῦ
1041 663 1242 717 ὄμματος,
1277 663 1382 717 αὐτὴ
1409 661 1494 706 δι’·
1486 692 1494 722 *3

149 722 302 778 ἑαυτῆς
328 723 717 778 ἀνακλασθήσεται,
743 727 782 766 εἰ
799 723 846 767 δὲ
865 726 974 779 πρὸς
992 725 1209 782 ἀμβλείας,
1231 725 1350 769 ἔσται
1369 727 1469 770 ἀνα-

79 799 122 830 10
149 789 286 841 λόγως
307 786 378 829 καὶ
397 787 423 842 ἡ
443 787 803 867 ἀντανακλωμένη
824 789 931 842 αὐτὴ
953 790 1182 844 ῑσογώνιος
1201 791 1324 847 αὐτῇ,
1348 807 1468 834 τουτ-

148 849 268 893 έστιν
299 855 399 906 ἴσην
431 853 589 907 ἔχουσα
614 853 693 907 τὴν
717 854 825 909 πρὸς
848 859 900 909 τη
925 855 1031 896 κατὰ
1056 855 1103 896 τὸ
1129 852 1343 911 ἔνοπτρον
1368 867 1468 898 συν-

146 921 236 970 αφῖ]
267 917 431 969 γωνίαν
461 922 512 971 τῇ
545 916 627 958 ἀπὸ
658 923 733 971 τῆς
763 923 841 959 τοῦ
874 919 1060 996 ὄμματος
1085 918 1256 968 ἀκτῖνος
1279 920 1386 975 πρὸς
1409 891 1494 987 τῷΞ

148 980 264 1035 αὐτῷ
299 983 472 1037 σημείῳ,
505 981 577 1022 καὶ
608 984 736 1023 τοῦτό
763 980 894 1036 ἐστιν,
929 982 1032 1036 ὅπερ
1059 983 1194 1037 φησὶν
1218 983 1494 1052 Ε’ὐκλείὸης,1’

149 1044 214 1085 ὅτι
240 1043 322 1086 ἀπὸ
347 1052 435 1086 τῶν
460 1043 674 1087 ἐπιπέδων
700 1045 921 1100 ἐνόπτρων
941 1046 1012 1088 καὶ
1032 1053 1202 1101 κυρτῶν
1221 1046 1291 1089 καὶ
1311 1049 1469 1090 κοίλων

78 1120 120 1151 15
147 1109 195 1150 αἱ
218 1109 340 1158 ὄψεις
363 1107 413 1150 ἑν
438 1108 552 1159 ἴσαις
576 1111 755 1163 γωνίαις
780 1109 1062 1152 ἀνακλῶνται.

207 1204 261 1235 11.
289 1199 387 1246 ἴσην]
412 1201 480 1235 bis.
581 1206 633 1236 12.
659 1203 737 1248 τῆς]
764 1213 883 1246 supra.
