1456 2456
106 97 221 132 XLVI
596 97 955 134 PROLEGOMENA

109 203 206 237 Mon.
234 201 450 247 συχαστικόν
475 202 585 247 (Mon.
606 203 658 243 εἰς
681 204 735 248 σ.)ζ
745 203 769 247 ¹)
805 202 957 238 librario
983 204 1061 239 cod.
1079 207 1120 238 77
1147 203 1226 239 cod.
1242 203 1272 238 V
1290 206 1413 249 praest
1426 200 1437 212 “’

110 255 234 298 fuisse,
258 255 390 290 docent
408 255 621 299 scripturae,
647 255 780 299 quibus
802 259 843 290 77
864 257 902 290 et
919 255 952 290 V
971 256 1040 291 soli
1059 256 1283 301 conspirent:
1309 269 1344 301 p.
1358 257 1430 291 200²
1449 271 1453 304 2

111 311 155 342 20
181 305 329 354 δεσιαίῳ
391 310 435 342 26
461 306 566 352 γένος
624 311 704 350 202,
724 312 744 341 8
776 305 942 352 ἡμιόλιον
967 328 1010 334 -
1037 306 1150 343 δίελιν
1176 319 1244 342 om.
1306 312 1325 342 9
1352 310 1416 343 ant
1448 308 1456 347 s,

111 359 291 404 διάστημα
317 359 400 394 add.
426 358 478 394 τό.
1428 367 1442 387 ’-

170 411 327 456 denique
353 412 432 446 cod.
446 412 529 446 Vat.
549 412 638 457 Reg.
661 415 738 454 169,
764 412 922 447 chartac.
946 424 971 447 s.
992 412 1058 447 XV
1078 423 1121 447 ex
1139 413 1171 447 U
1197 413 1319 448 eiusve
1343 376 1456 450 anti-3

111 463 252 509 grapho
271 465 431 508 pendere
452 464 650 498 ostendunt
675 464 877 508 scripturae
897 475 1104 500 communes
1129 477 1164 510 p.
1179 468 1257 509 180,
1271 469 1332 507 23,
1359 467 1437 508 188,

112 520 132 550 5
146 515 201 560 (δὲ
216 515 285 560 τά),
302 519 361 559 133
387 519 466 559 208,
478 520 538 558 14;
566 520 644 559 218,
660 521 691 559 5,
707 521 736 551 6.
772 517 939 561 pluribus
960 518 1083 552 autem
1101 517 1190 552 locis
1210 518 1256 552 ab
1270 517 1302 551 U
1322 517 1439 552 disce-
1454 513 1456 515 ’

111 568 177 611 dit,
202 579 312 612 quam
334 568 438 604 codd
459 572 513 610 94,
525 572 579 603 77.
618 568 717 612 quod
740 581 774 613 p.
786 572 917 614 164,10
943 569 1041 604 solus
1064 569 1265 604 rectissime
1291 569 1439 614 scripsit

109 619 173 656 τόν
192 631 257 664 pro
275 619 329 663 τό,
350 624 427 663 166,
444 624 463 654 2
481 621 548 656 δύο
562 631 630 656 om.
646 624 743 666 (cum
756 621 875 666 MW),
899 625 1028 663 188,15
1048 621 1145 657 solus
1164 621 1307 656 cumW
1326 621 1421 656 habe

111 672 200 707 δέκα
223 673 296 706 καὶ
317 672 422 716 ὀκτώ,
449 677 527 715 218,
542 677 561 707 9
587 675 673 717 post
691 673 841 718 φρύγιοι
860 674 943 708 add.
964 673 1019 718 δέ,
1041 674 1183 709 librarii
1208 674 1456 724 coniecturae

112 724 350 759 tribuendum
375 725 542 760 arbitror.
1446 733 1456 759 '1

169 779 299 820 restat,
334 779 376 811 ut
409 789 526 822 pauca
556 778 740 822 disputem
776 778 821 814 de
852 779 979 814 ceteris
1009 779 1197 814 codicibus
1232 789 1253 813 a.
1285 789 1342 813 me
1377 776 1456 827 aut{

111 829 253 865 collatis
280 831 344 864 aut
368 830 588 875 inspectis.²)
628 832 740 875 atque
764 830 913 866 initium
937 830 1032 865 facio
1058 840 1080 864 a
1105 831 1231 865 codice
1256 830 1340 864 Vat.
1360 827 1456 882 221,{

112 883 272 917 chartac.
293 893 319 916 s.
335 882 430 926 XVI,
459 894 567 927 quem
592 883 732 918 contuli
757 883 892 918 abhinc
917 882 1052 917 multos
1078 894 1202 918 annos.
1239 882 1456 928 rectissime}

111 935 205 970 vidit
224 935 461 979 Studemund,
483 936 612 970 eadem
630 946 713 971 eum
738 946 849 970 manu
871 935 1048 980 scriptum
1067 946 1145 970 esse
1167 945 1210 970 ac
1228 935 1275 977 Βς
1299 929 1456 982 utrum-}

112 998 182 1031 que
208 998 252 1022 ex
279 988 407 1022 eodem
432 987 534 1022 fonte
559 987 765 1022 derivatum
790 998 886 1032 esse,
918 986 1175 1032 ccmprobatur
1199 986 1256 1021 his
1282 983 1456 1027 maxime}

111 1039 212 1083 locis,
238 1039 303 1074 ubi
326 1042 451 1074 contra
469 1039 603 1074 MWN
617 1039 644 1085 ³)
670 1050 868 1085 eorumque
891 1041 1104 1086 progeniem
1128 1040 1187 1075 vel
1211 1040 1249 1074 in
1273 1034 1456 1081 minutiis?

112 1092 308 1126 concinunt
317 1092 343 1136 ⁴)
354 1107 361 1126 :

170 1156 204 1188 Ρ.
219 1148 298 1188 160,
312 1149 331 1179 9
354 1144 542 1189 ἐγενήσθω
591 1157 626 1190 p.
640 1149 717 1188 162,
730 1148 749 1179 7
769 1144 872 1190 μέσοι
896 1146 1018 1186 οὐδεὶς
1043 1144 1124 1180 οὔτε
1149 1142 1201 1186 εἷς
1219 1145 1262 1190 (Β
1282 1149 1404 1189 supra)
1423 1144 1440 1161 *

112 1197 170 1241 (V)
229 1200 249 1231 8
275 1198 360 1241 post
383 1196 530 1237 πλείους
561 1197 705 1242 signum
735 1197 928 1232 obscurum
953 1199 991 1232 et
1015 1197 1147 1232 deinde
1173 1198 1274 1242 ιβκδ
1298 1197 1340 1242 (Β
1366 1208 1439 1241 mg.

114 1284 195 1307 cum
216 1273 321 1317 signo
342 1273 586 1318 omissionis)*
598 1273 657 1318 (V)
699 1285 733 1318 p.
745 1276 823 1316 174,
831 1277 851 1307 9
869 1273 915 1317 δή
956 1285 992 1317 p.
1003 1277 1080 1317 178,
1088 1277 1132 1308 20
1152 1274 1353 1316 ὃιπλασιος,
1366 1283 1439 1316 mg.

113 1350 265 1388 διπλοῦς
284 1348 342 1393 (V)
390 1360 424 1393 Ρ.
443 1352 520 1392 180,
535 1352 577 1383 27
598 1350 682 1393 post
701 1349 822 1394 ἔθηκα
845 1332 930 1384 add.
950 1348 1029 1384 ἴσον
1048 1362 1096 1384 av
1120 1348 1186 1393 (sic
1205 1348 1341 1382 lineola
1360 1359 1405 1382 m.
1421 1351 1438 1382 1

112 1401 310 1444 subducta3
343 1400 422 1436 ἴσον
454 1402 554 1448 αὐτῷ
576 1401 652 1446 M³)
700 1413 735 1445 p.
759 1405 836 1444 192,
857 1405 876 1435 9
905 1401 1102 1446 παρυπάτη
1130 1400 1283 1445 μέσων*,
1314 1400 1342 1434 Β
1366 1412 1440 1444 mg.

114 1457 156 1487 12
184 1452 427 1498 ἐναρμόνιος*
430 1481 438 1497 ,
471 1453 560 1488 item
591 1454 655 1488 lin.
678 1458 732 1497 16,
754 1457 814 1497 19,
845 1454 874 1488 Β
899 1465 971 1499 mg.
992 1453 1051 1499 (V)
1109 1457 1169 1495 28,
1195 1456 1239 1487 29
1271 1452 1443 1492 ὃιάτονος

113 1504 261 1540 ὑπάτων
281 1505 434 1549 μέσων*,
459 1506 488 1540 Β
508 1518 580 1551 mg.
596 1506 638 1552 (V
660 1506 744 1551 ins.)
792 1518 826 1551 p.
841 1509 917 1549 194,
931 1510 972 1540 12
992 1504 1231 1549 ἐναρμόνιος*
1279 1509 1323 1539 24
1346 1504 1439 1550 ὅσοι]

114 1558 181 1592 εἰσι
234 1569 269 1602 p.
287 1561 398 1600 196‚9
425 1557 518 1604 οἵδε]
545 1569 615 1593 om.
670 1559 718 1593 ad
743 1558 807 1593 lin.
824 1562 866 1593 19
892 1556 1099 1603 χρωματική
1124 1557 1217 1602 (alt.)
1243 1578 1285 1582 —
1312 1556 1374 1591 lin.
1396 1560 1439 1591 22

114 1610 349 1654 συνημμένων
374 1622 446 1656 mg.
474 1611 584 1645 rubra
614 1611 714 1645 linea
744 1610 928 1655 anguinea
987 1622 1023 1654 p.
1038 1612 1116 1653 202,
1131 1613 1151 1644 9
1176 1611 1260 1654 post
1284 1609 1439 1644 ἀσύνθε-

113 1675 177 1697 τον
202 1662 286 1697 hab.
312 1663 376 1697 καὶ
400 1661 440 1698 τό
466 1661 520 1707 (τό
545 1664 633 1708 mg.)
693 1665 778 1708 post
803 1662 984 1707 διάστημα
1013 1661 1098 1696 hab.
1125 1661 1217 1697 ἑπτὰ
1247 1660 1395 1697 διέσεων
1421 1660 1440 1696 ὃ

113 1737 219 1780 τρίτω
247 1737 265 1772 ὁ
290 1737 577 1783 τεταρτημορίου,
608 1739 636 1773 Β
661 1751 735 1784 mg.
761 1739 820 1784 (V)
879 1742 921 1773 15
947 1737 1033 1782 ἀπό]
1059 1726 1152 1781 ἀῖτό,
1179 1749 1252 1782 mg.
1278 1737 1353 1772 ἐστι
1376 1742 1441 1771 τοῦ

115 1813 174 1857 (ν)
235 1816 279 1847 25
305 1811 416 1859 καθ’]
442 1793 542 1858 καέζ
573 1826 644 1860 mg.
671 1793 799 1855 κὲθώς
823 1814 882 1859 (v)
949 1825 984 1858 p.
999 1816 1078 1856 204,
1094 1816 1136 1847 13
1162 1813 1204 1858 ιβ
1227 1813 1323 1858 φη]
1351 1811 1442 1847 δέκα

174 1925 207 1969 1)
221 1887 331 1957 Valla
346 1922 414 1958 ‘De
428 1926 546 1968 expet
561 1927 596 1959 et
611 1924 678 1970 fug
680 1925 821 1960 .’rebus
835 1924 894 1967 IX,
907 1928 966 1959 10.
981 1922 1236 1968 sychasticum,
1250 1922 1442 1967 Bryemius

115 1969 259 2016 (Wallis
285 1980 367 2014 opp.
389 1970 503 2006 math.
524 1972 571 2005 111
596 1983 631 2016 p.
646 1937 746 2017 5gO3):
773 1972 825 2012 εἰς
850 1969 1101 2016 ἡσυχαστικόν.

170 2019 204 2062 2)
232 2016 285 2050 De
311 2016 389 2051 cod.
409 2017 439 2050 V
464 2029 495 2052 v.
514 2018 638 2062 p.V11.

172 2065 206 2109 3)
231 2062 367 2097 Mirum
394 2065 461 2106 est,
487 2065 585 2108 quod
612 2068 677 2099 221
698 2076 731 2109 p.
750 2068 827 2108 122,
842 2067 862 2098 8
888 2075 971 2099 cum
992 2063 1026 2097 N
1051 2062 1127 2098 solo
1152 2073 1217 2107 pro
1243 2061 1443 2106 ἁρμονικῆς

112 2110 198 2146 hab.
223 2108 412 2153 ἁρμονίας.

171 2160 206 2200 4)
231 2156 280 2190 Iis
306 2156 513 2201 scripturis,
545 2157 677 2200 quibus
708 2158 747 2192 in
779 2156 884 2192 codd.
904 2160 969 2191 221
991 2156 1019 2190 Β
1051 2154 1186 2190 lineola
1216 2154 1327 2189 rubra
1357 2153 1440 2187 sub·

114 2204 226 2239 ducta
256 2203 312 2237 est
341 2203 386 2247 (v.
413 2203 478 2237 Ian
502 2215 537 2247 p
558 2203 714 2249 LXXX),
747 2203 932 2238 stellulam
963 2202 1108 2245 addidi;
1140 2212 1232 2246 quae
1258 2204 1323 2235 221
1351 2201 1388 2235 et
1412 2200 1441 2233 B

112 2250 250 2285 habent
273 2260 346 2294 mg.
372 2249 429 2284 vel
455 2260 582 2294 supra,
614 2262 661 2285 m.
684 2255 701 2284 1
729 2252 824 2285 sunt.
854 2250 926 2304 (V)
951 2249 1119 2284 additum
1145 2247 1345 2293 significat,
1374 2247 1441 2281 has

112 2297 310 2343 scripturas
335 2295 374 2330 in
399 2296 535 2331 codicis
555 2297 587 2331 V
611 2299 716 2332 textu
741 2296 906 2332 inveniri.
