1456 2456
607 51 882 88 PRAEFATIO
1373 49 1425 84 IX

70 165 115 207 M
142 167 184 207 et
209 164 271 206 Ml
300 184 356 198 =
382 178 444 219 ea,
469 177 578 218 quae
604 161 775 217 scripsit
801 176 854 204 m.
875 161 917 214 13

70 229 134 273 Μ2
153 251 207 264 =
230 229 513 272 correctiones
534 228 712 270 diversis
739 226 936 269 manibus
962 229 1059 269 ante
1079 227 1239 269 codicis
1259 225 1299 268 V
1319 228 1425 268 tem-

151 309 258 350 pora
281 294 436 350 factae3

69 359 133 402 Μ3
153 381 209 395 =
229 360 526 414 correctiones,
552 358 707 414 quibus
733 358 780 400 M
806 357 1005 414 congruit
1031 373 1128 401 cum
1154 356 1198 400 N
1203 375 1213 413 3

69 424 133 467 Μ’*
153 446 208 459 =
229 425 524 480 correctiones,
551 438 658 479 quae
678 438 766 466 non
786 423 831 466 in
849 423 904 479 N,
930 423 1004 465 sed
1030 423 1075 465 in
1094 422 1134 466 U
1155 423 1331 478 eiusque
1353 423 1424 465 ad-

152 490 310 532 finibus
336 490 631 545 inveniuntur3

69 553 132 597 Μ5
151 576 206 590 =
228 555 523 609 correctiones,
550 569 658 609 quae
684 557 854 597 exstant
879 555 925 596 in
949 554 1006 609 M,
1032 554 1189 597 absunt
1214 554 1267 596 ab
1294 554 1346 597 U.

128 620 220 663 Nec
244 635 345 663 vero
371 619 447 662 Ian
474 620 619 662 omisit
643 620 931 676 Porphyrium
960 621 1092 674 adire,
1125 620 1196 676 qui
1229 621 1273 662 in
1300 619 1424 663 Com·

70 686 325 729 mentarium
343 687 388 728 in
400 686 661 728 Harmonica
673 685 910 728 Ptolemaei
924 685 1099 742 (Wallis
1115 701 1212 742 opp.
1222 686 1424 730 mathem.

69 753 134 797 III
159 769 200 809 p.
221 754 307 796 272
321 751 433 809 sqq.)
466 751 658 793 sedecim
675 751 839 806 priores
867 751 1078 794 Sectionis
1107 752 1425 807 propositiones

70 820 240 875 recepit,
261 832 470 874 quemque
490 818 562 859 ille
584 817 668 858 sibi
687 817 900 871 persuasit
918 819 1137 860 nonnullis
1157 818 1263 860 locis
1284 818 1423 860 solum

70 901 214 929 veram
251 885 479 926 lectionem
516 883 730 938 praebere.
779 883 971 938 priorum
1011 883 1241 937 editorum,
1287 883 1424 925 Penae

71 951 224 1008 (Paris.
248 948 380 1006 1557)
415 952 456 991 et
487 948 710 991 Meibomii
740 948 1071 1005 (Amstelodami
1102 948 1254 1004 1652),
1286 964 1425 991 emen-

71 1018 262 1059 dationes
289 1016 503 1058 evidentes
534 1030 612 1070 pro
639 1014 832 1056 codicum
866 1029 1041 1057 suorum
1072 1015 1296 1070 scripturis
1328 1015 1425 1056 sub-

71 1083 246 1125 stituere
277 1096 364 1123 nou
396 1080 618 1123 dubitavit.
656 1094 793 1135 neque
821 1079 963 1122 minus
995 1081 1056 1122 ita
1084 1081 1128 1122 in
1154 1081 1424 1122 recensendis

69 1148 263 1191 Euclidis
281 1147 438 1190 libellis
459 1147 628 1202 egregie
647 1147 826 1187 meritus
847 1148 922 1200 est,
948 1148 996 1188 ut
1014 1161 1101 1189 non
1124 1160 1283 1201 paucos
1306 1146 1424 1189 locos

72 1214 324 1269 depravatos
351 1227 427 1254 sua
453 1212 697 1255 coniectura
722 1226 892 1253 sanasse
917 1211 1133 1266 putandus
1161 1211 1228 1254 sit.

129 1278 180 1320 In
206 1278 458 1333 adparatum
491 1276 687 1318 criticum
713 1275 788 1318 Ian
818 1277 1013 1319 codicum
1040 1276 1424 1334 MV(W)NB(B)

72 1346 114 1385 et
140 1344 184 1385 in
203 1341 526 1384 Introductione
546 1345 766 1396 praeterea
787 1342 945 1384 codicis
965 1343 999 1384 L
1021 1343 1256 1398 scripturas
1277 1358 1424 1385 omnes

71 1409 270 1465 contulit3
307 1408 502 1462 equidem
537 1408 640 1450 satis
669 1407 820 1462 habui,
859 1408 1056 1451 codicum
1083 1408 1194 1450 MW
1218 1409 1425 1450 lectiones

72 1489 219 1517 omnes
245 1488 578 1532 commemorare
603 1474 917 1528 praetermissis
944 1474 1113 1528 ceteris,
1138 1474 1221 1515 nisi
1253 1474 1326 1516 ubi
1352 1489 1424 1516 eos

72 1540 302 1595 adparebat
322 1541 470 1582 contra
489 1538 600 1581 MW
622 1539 831 1581 sinceram
858 1540 1114 1594 scripturam
1141 1539 1425 1595 suppeditare.

70 1609 196 1648 notas
234 1605 404 1660 addere,
448 1604 604 1660 quibus
642 1603 719 1646 Ian
756 1608 830 1646 aut
870 1606 989 1647 locos
1027 1605 1235 1660 quosdam
1274 1605 1425 1661 figuris

71 1674 327 1726 nostraeque
359 1670 510 1713 aetatis
543 1670 677 1726 signis
710 1671 883 1712 musicis
916 1671 1104 1713 illustrat
1136 1674 1210 1713 aut
1234 1671 1425 1727 legentes

72 1736 126 1778 ad
155 1736 261 1778 alios
293 1736 522 1790 scriptores
549 1736 734 1778 musicos
761 1736 947 1792 delegat,
979 1737 1031 1779 ab
1063 1736 1192 1778 huius
1224 1737 1426 1779 editionis

73 1802 251 1844 consilio
277 1802 464 1843 alienum
490 1816 580 1843 esse
606 1802 842 1843 videbatur.

131 1866 383 1923 Interpretis
422 1883 595 1911 munere
634 1868 694 1909 ita
732 1868 905 1909 functus
939 1882 1054 1923 sum,
1092 1870 1139 1909 ut
1176 1867 1336 1910 Graeca
1374 1868 1426 1910 ad

74 1933 261 1989 verbum,
282 1936 488 1988 quantum
509 1948 693 1989 possem,
712 1933 877 1975 Latinis
898 1934 1188 1988 exprimerem.
1215 1933 1428 1988 Boetium,

74 1999 148 2053 qui
169 1997 378 2041 Sectionis
398 1999 665 2053 prooemium
687 2001 729 2041 et
748 2013 899 2040 novem
922 1999 1088 2054 priores
1109 1999 1426 2054 propositiones

73 2064 119 2105 in
137 2062 458 2106 Institutionem
479 2064 686 2107 musicam
705 2063 780 2119 IV,
797 2065 818 2105 1
830 2079 922 2119 sqq.
938 2063 997 2120 (p.
1012 2064 1095 2106 301
1115 2065 1177 2106 ed.
1192 2062 1426 2120 Friedlein)

0 2126 3 2133 ’
74 2129 252 2184 recepit,
282 2129 498 2171 interdum
525 2129 740 2185 consului,
771 2129 1031 2172 Martianum
1061 2129 1277 2184 Capellam
1307 2129 1427 2184 sequi

74 2195 204 2236 nolui.
229 2194 460 2237 Hultschio
476 2197 518 2236 et
531 2194 765 2251 Heibergio
783 2195 1086 2250 praeeuntibus
1102 2210 1180 2251 pro
1197 2196 1429 2244 διπλάσιος

73 2258 330 2314 τριπλάσιος
343 2262 439 2302 cett.
457 2262 660 2315 sequente
676 2260 875 2316 genetivo
894 2261 1001 2302 dixi:
1018 2261 1161 2316 duplo,
1179 2260 1309 2315 triplo
1329 2262 1427 2302 cett.

75 2324 210 2366 maior
236 2340 376 2380 quam.
415 2327 603 2367 ceterum
629 2325 666 2367 si
691 2325 988 2380 interpretatio
1015 2326 1061 2367 in
1086 2326 1426 2368 existimantium
