1494 2450
91 387 127 428 1.
170 384 433 428 Harmonica
474 388 542 427 est
585 383 766 426 scientia
809 386 1009 425 naturam
1053 384 1381 439 compositionis

10 451 303 504 „harmonicae
341 452 384 493 et
421 449 721 493 considerandi
759 452 803 491 et
840 448 1075 491 exercendi.
1131 450 1381 494 harmonice

9 517 316 573 fcompositum
360 519 504 559 autem
548 519 615 558 est
658 515 722 570 id,
766 514 883 570 quod
920 517 964 556 et
1002 529 1053 557 ex
1091 515 1208 557 sonis
1248 518 1292 558 et
1329 532 1382 558 ex

8 581 267 626 :intervallis
289 582 481 625 ordinem
501 581 715 637 quendam
735 580 997 622 habentibus
1018 583 1199 623 constat.
1236 585 1381 637 partes

6 651 173 697 2autem
210 648 302 691 eius
342 650 444 690 sunt
481 650 664 702 septem:
702 646 753 688 de
786 646 918 700 sonis,
955 646 1006 688 de
1037 645 1292 702 intervallis,
1330 648 1382 689 de

0 743 7 769 ,ἐ
28 728 31 729 ’
61 714 269 770 eneribus,
295 714 345 756 de
372 715 617 769 systemate,
643 712 693 754 de
720 714 837 767 tono,
863 711 914 754 de
941 711 1195 768 mutatione,
1221 712 1273 754 de
1298 728 1383 755 me-

0 728 209 835 ”ffbpoeia

30 837 36 841 Δ
88 859 218 887 sonus
243 845 380 902 igitur
405 847 470 887 est
496 843 731 887 concinnus
766 843 885 886 vocis
912 857 1037 886 casus
1062 843 1109 886 in
1134 859 1264 886 unam
1292 848 1382 886 ten-

27 909 204 953 sionem.

30 1003 34 1008 -
87 976 360 1020 intervallum
381 978 535 1028 autem,
556 975 670 1032 quod
689 975 1067 1031 comprehenditur
1081 975 1250 1018 duobus
1265 975 1383 1018 sonis

26 1042 224 1084 acumine
250 1045 294 1085 et
320 1041 534 1098 gravitate
560 1040 856 1084 dissimilibus.

88 1122 222 1164 genus
249 1110 315 1150 est
340 1107 550 1163 quaedam
576 1109 784 1163 quattuor
810 1121 1015 1149 sonorum
1042 1106 1208 1149 divisio.

90 1176 278 1229 systema
308 1176 374 1216 est
404 1172 468 1228 id,
501 1172 618 1229 quod
649 1187 701 1215 ex
732 1172 928 1228 pluribus
970 1187 1101 1229 quam
1132 1187 1219 1216 uno
1251 1173 1382 1216 inter-

20 1239 153 1296 ¹vallis
179 1242 361 1282 constat.

90 1307 218 1347 tonus
245 1307 311 1347 est
335 1304 454 1347 locus
481 1304 658 1361 quidam
683 1303 812 1359 vocis,
839 1304 1087 1360 systematis
1116 1318 1262 1360 capax,
1286 1305 1382 1347 lati-

23 1369 178 1412 tudine
203 1384 364 1413 carens.

18 1443 26 1488 ¹.
88 1435 270 1478 mutatio
291 1438 358 1478 est
377 1435 530 1478 similis
551 1435 730 1478 alicuius
750 1435 798 1478 in
811 1435 1061 1479 dissimilem
1083 1435 1226 1479 locum
1247 1439 1384 1480 trans-

13 1500 176 1543 'motio

8 1576 24 1625 z}
89 1566 329 1623 melopoeia
354 1570 419 1609 est
444 1582 546 1614 usus
574 1581 734 1621 eorum,
760 1581 870 1623 quae
893 1566 1144 1610 tractationi
1169 1567 1381 1610 harmoni-

6 1624 103 1738 ἔθεε
129 1635 230 1674 sunt
256 1632 447 1676 subiecta
472 1647 550 1688 pro
578 1646 640 1687 eo,
666 1632 781 1687 quod
806 1635 871 1674 est
895 1632 1232 1689 uniuscuiusque
1259 1648 1382 1690 argu-

6 1697 163 1759 R{menti
188 1699 423 1754 proprium.
526 1743 528 1745 ,

18 1810 22 1811 ⁷
90 1767 126 1805 2.
159 1762 278 1806 Haec
303 1768 445 1807 autem
466 1764 792 1807 considerantur
809 1764 856 1806 in
875 1764 992 1808 vocis
1014 1765 1235 1821 qualitate,
1261 1765 1382 1807 cuius

30 1831 170 1872 motus
198 1833 298 1872 sunt
324 1829 420 1885 duo,
446 1831 555 1873 alter
575 1830 649 1885 qui
668 1833 847 1873 vocatur
866 1830 1095 1873 continuus
1116 1833 1159 1873 et
1178 1830 1383 1886 loquendi

25 1895 250 1950 proprius,
285 1895 397 1938 alter
432 1896 734 1939 intervallatus
772 1899 816 1938 et
853 1896 1102 1939 melodicus.
1152 1897 1382 1940 continuus

20 1958 163 2017 *igitur
187 1960 304 2004 vocis
330 1964 473 2004 motus
500 1965 543 2004 et
562 1962 824 2004 intentiones
844 1965 887 2004 et
905 1962 1179 2005 remissiones
1198 1962 1385 2005 latenter

29 2023 132 2067 facit
156 2040 365 2081 nusquam
393 2026 594 2069 insistens
618 2027 704 2070 nisi
729 2042 865 2084 usque
892 2028 945 2069 ad
972 2028 1203 2070 silentium.
1251 2028 1383 2071 inter-

34 2094 1378 2110 mm

28 2123 30 2125 ’
54 2123 56 2125 ’
90 2128 120 2160 1.
140 2125 195 2173 τε]
215 2136 286 2161 om.
306 2125 366 2169 W,
391 2126 484 2162 item
503 2126 568 2162 lin.
590 2131 623 2163 3.
674 2131 705 2163 2.
732 2127 822 2163 Post
840 2127 883 2163 δέ
903 2127 988 2163 add.
1009 2129 1085 2164 ἐστι
1104 2127 1164 2163 W.
1215 2131 1246 2164 3.
1267 2125 1383 2163 ποιάν

19 2174 110 2207 *—6.
135 2174 349 2220 μεταβολῆς]
374 2185 449 2220 mg.
469 2177 491 2208 2
510 2174 569 2210 W.
626 2173 787 2222 ἐχόντων
812 2174 1068 2223 συγκείμενον]
1094 2181 1168 2211 τῶν
1193 2174 1383 2221 συγκειμέ-

30 2231 105 2254 νων
131 2219 216 2267 ἔχον
242 2220 299 2256 W.
351 2219 629 2268 συγκείμενον]ο
654 2233 675 2258 e
701 2234 790 2258 corr.
813 2222 878 2259 Μ’.
977 2227 1010 2258 4.
1037 2223 1151 2270 ἐστιν]
1178 2223 1248 2258 εἰσι
1275 2223 1333 2257 W.

30 2269 63 2302 ὅ.
92 2266 182 2302 Post
206 2274 324 2313 γενῶν
357 2269 427 2304 ins.
446 2281 521 2315 mg.
547 2270 633 2314 περὶ
667 2269 882 2315 μελοποιῖας
906 2270 963 2305 M²
989 2273 1027 2306 et
1057 2282 1127 2306 om.
1154 2270 1220 2306 lin.
1242 2274 1280 2314 6,
1312 2282 1378 2305 nu-

19 2313 139 2353 'meris
164 2315 353 2365 inscriptis
378 2318 499 2354 mutat
524 2317 591 2352 M4.
642 2317 879 2364 συστημάτων
904 2318 963 2354 W.
1040 2323 1071 2354 6.
1098 2317 1219 2355 τόνων
1237 2318 1297 2354 W.
