1456 2456
93 64 193 99 ΧΧΠ
580 63 936 98 PROLEGOMENA

94 169 232 211 ferunt,
258 169 409 204 alteram
434 171 586 213 partem.
597 168 678 202 Vat.
698 180 733 212 p.
749 172 804 210 56,
821 171 862 203 10
876 179 954 212 sqq.
981 168 1139 202 absolvit
1163 168 1280 204 verbis
1305 181 1418 212 φανε·

94 222 160 265 ρὸν
185 221 227 256 δέ
251 223 322 255 κτλ.
361 223 488 256 contra
506 221 543 255 in
563 231 664 265 prop.
679 221 739 262 XI,
764 222 960 265 postquam
981 220 1019 255 in
1038 223 1191 265 utraque
1210 220 1418 255 recensione

91 274 192 308 haud
212 273 442 309 dissimiliter
460 275 646 308 ostensum
666 275 732 315 est,
758 284 830 317 quo
849 275 1016 317 tempore
1041 273 1182 308 zodiaci
1207 284 1356 308 arcuum
1382 274 1420 308 et

94 326 304 371 aequalium
324 327 361 360 et
380 325 628 370 oppositorum
649 325 743 359 alter
761 325 916 369 occidat,
937 336 979 359 eo
999 325 1155 360 alterum
1174 325 1272 368 oriri,
1285 325 1317 359 V
1336 324 1419 358 reli-

94 389 204 422 quam
233 372 555 412 demonstrationis
586 378 729 422 partem
760 378 902 412 omittit
932 377 1095 422 satisque
1125 377 1237 412 habet
1267 377 1418 411 addere:

94 429 227 474 ὁμοίως
245 430 291 474 δὴ
311 429 475 473 δείξομεν
494 431 610 474 xvv),
631 428 714 464 Vat.
734 439 816 463 vero
840 429 952 464 etiam
977 429 1134 464 alterum
1157 428 1419 474 propositionis

93 481 212 516 locum
246 482 377 517 iisdem
412 482 487 516 fere
517 482 636 516 verbis
667 492 709 515 ac
741 482 899 525 priorem
929 482 1253 516 demonstrandum
1287 482 1419 515 censet.

94 533 423 568 demonstrationes
445 545 547 578 prop.
568 533 635 567 XII
659 534 714 568 ita
738 533 795 568 vel
820 533 978 568 maxime
1002 534 1099 568 inter
1123 544 1161 569 se
1187 533 1420 574 dissentiunt,

93 587 136 620 ut
160 586 192 620 V
216 587 335 620 ortum
362 597 511 620 arcuum
535 597 608 620 non
634 586 795 631 attingat
818 586 890 620 nisi
914 586 952 620 in
977 588 1154 629 extremo,
1186 586 1251 621 ubi
1275 585 1421 620 conclu-

95 638 191 673 sioni
209 638 380 682 adiungit
404 641 548 682 p.78,6:
575 637 708 682 ὁμοίως
727 638 772 682 δὴ
795 636 972 682 δείξομεν,
997 637 1054 673 ὅτι
1071 639 1135 673 καὶ
1153 640 1192 674 ἐν
1218 638 1283 685 ἴσῳ
1303 635 1420 683 χρόνῳ

95 690 264 735 ἀλλήλαις
294 689 568 733 ἀνατέλλουσιν,
593 691 676 725 Vat.
702 701 784 725 vero
813 702 849 734 p.
865 694 925 733 72,
943 694 985 725 25
1001 701 1078 735 sqq.
1111 691 1246 725 diserte
1279 690 1420 731 doceat,

94 752 199 776 arcus
220 742 265 776 ab
287 742 551 787 aequinoctiali
576 742 723 787 aequali
748 742 940 777 intervallo
960 743 1140 778 distantes
1160 742 1307 786 aequali
1328 743 1420 776 tem-

94 805 182 839 pore
208 794 325 830 orIri.
362 795 401 829 in
421 794 796 830 demonstrationibus
821 806 925 839 prop.
938 795 1021 830 XIII
1043 795 1288 830 differentiam
1308 793 1421 828 habe-

94 858 175 881 mus
195 847 281 881 satis
299 857 470 892 magnam
483 847 770 892 perscriptionis,
784 847 884 882 velut
897 848 930 882 V
943 858 1005 882 sex
1023 859 1128 882 arcus
1141 847 1421 891 comprehensos

95 910 178 933 cum
193 909 254 933 sex
268 899 424 934 arcubus
439 899 654 943 aequalibus
669 900 1032 944 occidentalibusque
1043 898 1314 944 comprehensis
1325 909 1421 932 com-

93 952 200 995 ponit
219 953 256 986 et
269 952 556 996 comparat,Vat.
571 962 654 986 vero
667 952 860 996 utriusque
873 953 1012 987 ordinis
1026 952 1188 998 singulos
1202 963 1284 986 cum
1297 950 1421 994 singu-

93 1004 155 1046 lis;
187 1006 377 1048 praeterea
402 1005 433 1038 V
458 1016 491 1048 p.
508 1008 564 1047 82,
579 1008 598 1038 3
613 1016 690 1049 sqq.
716 1016 820 1049 prop.
841 1004 906 1038 XII
933 1005 1101 1039 omnibus
1125 1004 1243 1038 verbis
1270 1003 1420 1047 profert,

94 1055 177 1090 Vat.
203 1059 359 1101 usurpat
382 1057 505 1091 tacite.
550 1057 880 1092 demonstrationes
911 1057 1043 1102 prioris
1073 1057 1190 1101 partis
1218 1067 1320 1100 prop.
1340 1054 1421 1088 XIV

94 1108 246 1142 eandem
265 1109 528 1154 propemodum
549 1110 646 1144 viam
665 1110 944 1154 persequuntur,
966 1109 1229 1154 perscriptione
1247 1118 1332 1142 vero
1350 1117 1422 1141 non

33 1166 35 1168 ’
94 1159 330 1195 mediocriter
360 1161 456 1196 inter
487 1172 525 1196 se
557 1162 777 1206 discrepant.
821 1162 860 1196 in
885 1162 957 1196 fine
980 1174 1015 1206 p.
1030 1166 1085 1204 90,
1102 1166 1143 1196 15
1164 1161 1247 1195 Vat.
1274 1160 1421 1194 demon-

95 1212 286 1246 strandum
311 1214 490 1258 suscepit,
520 1225 680 1256 arcuum,
707 1215 751 1248 de
778 1215 910 1258 quibus
936 1214 1134 1258 quaeritur,
1160 1213 1314 1248 alterum
1340 1221 1422 1256 pro-

93 1264 234 1308 piorem
253 1276 332 1300 esse
354 1267 540 1301 contactui
561 1267 690 1301 aestivi
715 1267 848 1311 tropici
868 1267 993 1301 altero.
1029 1264 1350 1301 demonstrationis
1371 1263 1422 1298 al-

94 1317 210 1351 teram
235 1319 379 1361 partem
404 1330 438 1362 p.
455 1323 497 1353 92
524 1319 694 1360 ὡσαύτως
715 1321 777 1354 κτλ
791 1347 800 1363 ,
829 1330 937 1363 quam
962 1319 1043 1354 Vat.
1070 1329 1142 1353 non
1166 1318 1287 1352 minus
1313 1326 1423 1359 quam

94 1367 132 1402 in
158 1369 277 1412 priore
301 1372 406 1414 parte
429 1371 521 1405 duas
541 1382 686 1406 sumens
713 1371 854 1406 zodiaci
878 1371 1080 1417 positiones
1106 1370 1299 1405 dilatatam
1318 1378 1422 1413 prae-

93 1420 169 1462 bet,
181 1420 212 1455 V
228 1432 392 1480 pressam
411 1423 568 1458 tradidit
586 1426 623 1459 et
642 1425 854 1458 coartatam.
887 1423 1217 1458 demonstrationes
1240 1432 1331 1466 prop
1356 1419 1422 1454 XV

95 1472 224 1507 eadem
249 1473 307 1507 via
332 1475 617 1523 progrediuntur
642 1477 753 1520 atque
782 1476 1045 1521 perscriptione
1069 1486 1142 1510 non
1167 1474 1242 1509 fere
1266 1472 1423 1508 multum

95 1523 280 1568 differunt,
309 1537 529 1571 quamquam
556 1528 589 1562 V
615 1528 767 1563 alteram
793 1530 934 1573 partem
958 1528 1116 1573 protasis
1141 1539 1177 1572 p
1193 1529 1270 1570 100,
1284 1529 1305 1559 4
1330 1525 1369 1560 ἐν
1395 1519 1423 1570 ᾧ

96 1576 216 1624 χρόνῳ
242 1579 314 1612 κτλ.
340 1589 413 1613 non
439 1581 554 1623 curat,
577 1581 660 1615 Vat.
687 1581 846 1616 absolvit
870 1580 987 1615 verbis
1013 1592 1048 1625 p.
1065 1582 1200 1622 102,14
1227 1576 1360 1622 ὁμοίως
1383 1576 1423 1611 δὲ

94 1628 261 1673 δείξομεν
285 1632 357 1665 κτλ.
400 1634 585 1674 postremo
611 1644 630 1668 e
655 1633 855 1678 particula,
887 1643 998 1676 quam
1023 1632 1055 1666 V
1080 1631 1244 1667 continet
1275 1630 1424 1664 demon-

95 1682 284 1716 strationis
309 1694 412 1727 prop.
431 1684 529 1727 XVI,
559 1686 776 1720 concludere
800 1685 904 1728 licet,
932 1685 1111 1730 pressiore
1136 1695 1218 1719 eum
1244 1681 1423 1728 perscrip-

95 1734 195 1768 tione
220 1745 326 1769 usum
353 1747 432 1771 esse
458 1737 582 1773 codice
603 1739 684 1773 Vat.
724 1738 977 1773 recensionum
1003 1735 1287 1780 discrepantiam
1311 1734 1424 1769 etiam

94 1786 132 1820 in
145 1786 268 1831 figuris
281 1788 395 1822 oculis
410 1789 614 1825 subiectam
628 1791 835 1826 invenimus
848 1790 1078 1834 maximeque
1091 1789 1229 1834 figurae
1241 1797 1370 1831 propp.
1380 1785 1422 1826 II·

95 1837 173 1881 ΧΙΙ,
188 1838 270 1872 XIV
288 1840 468 1875 diversam
482 1853 571 1886 prae
585 1854 622 1877 se
636 1845 769 1888 gerunt
783 1843 1054 1888 perceptionem
1068 1852 1112 1876 ac
1131 1839 1422 1884 descriptionem.

155 1889 312 1935 singula,
339 1892 471 1935 quibus
486 1893 517 1927 V
532 1896 570 1929 et
585 1894 668 1929 Vat.
690 1895 786 1930 inter
805 1906 842 1930 se
863 1895 1082 1939 discrepant,
1108 1903 1262 1937 quorum
1281 1892 1425 1935 partem

97 1953 209 1986 supra
228 1946 519 1989 commemoravi,
544 1947 604 1981 hic
624 1948 931 1992 comprehendam
949 1946 1170 1982 brevissime.
1205 1955 1247 1979 ac
1265 1943 1425 1988 primum

96 1995 245 2038 quidem
271 1997 507 2033 statuendum
532 2000 598 2042 est,
619 1999 701 2034 Vat.
725 2011 798 2034 non
822 1999 950 2045 paucis
974 1998 1065 2034 locis
1090 1999 1218 2033 contra
1241 2006 1312 2030 rec.
1333 2004 1356 2029 a
1382 2004 1424 2029 ac

95 2047 219 2091 potius
237 2049 401 2083 contraV
414 2062 485 2085 non
505 2054 706 2087 correctum
720 2063 842 2087 veram
859 2052 1079 2096 scripturam
1094 2052 1234 2091 tenere;
1254 2060 1285 2082 v.
1299 2051 1423 2091 p.4.8;

97 2103 130 2142 6,
141 2104 172 2143 5,
188 2103 248 2142 28³
277 2105 330 2143 10,
345 2104 377 2143 8,
394 2106 448 2145 14,
464 2107 524 2145 153
553 2107 607 2147 12,
622 2108 677 2147 25,
692 2108 753 2147 293
782 2109 888 2148 14,1;
916 2107 1046 2147 16,21;
1074 2104 1267 2146 18,10,15;
1292 2104 1349 2142 20,
1364 2102 1423 2139 29³

98 2155 306 2195 22‚17;26
322 2157 376 2195 21,
391 2157 446 2198 26,
462 2159 524 2197 28,
551 2159 717 2199 30,3,16;
743 2160 868 2200 32,11;
895 2159 996 2199 34,4;
1024 2158 1124 2198 36‚5;
1150 2157 1268 2197 38,2ι.
1303 2151 1349 2185 de
1367 2150 1424 2192 iis,

159 2260 191 2303 1)
218 2257 289 2293 cfr.
310 2258 376 2294 vol.
393 2259 441 2293 IV
460 2271 495 2304 p.
513 2264 588 2306 120,
604 2265 716 2305 2sqq
