1494 2450
12 773 53 803 10

13 1091 54 1122 15

14 1517 57 1547 20

16 1837 60 1868 25

76 83 133 125 40
578 85 886 119 ΦΑΙΝΟΜΕΝΛ

77 191 243 247 ζῳδίων
267 191 425 240 κύκλος
443 198 538 240 ταῖς
556 190 786 240 ἀνατολαῖς
803 191 912 245 πρὸς
932 190 1113 245 ἄρκτους
1133 192 1400 244 μεθίστηται,

76 261 169 304 ταῖς
207 255 358 296 δύσεσι
394 255 503 308 πρὸς
539 256 808 309 μεσημβρίαν
843 255 1158 307 μεθιστάμενος
1192 255 1400 308 φαίνεται.

78 317 255 373 ἐδείχθη
288 317 355 370 δέ,
394 318 459 360 ὅτι
491 319 559 360 καὶ
593 319 698 360 ὅταν
729 326 820 368 ταῖς
851 318 1080 368 ἀνατολαῖς
1110 319 1217 372 πρὸς
1246 330 1402 373 μεσημ-
1459 334 1461 341 ⁴

78 383 206 436 βρίαν
237 385 507 436 μεθίστηται,
539 389 630 432 ταῖς
662 382 813 424 δύσεσι
846 383 954 436 πρὸς
985 383 1169 437 ἄρκτους
1198 382 1402 437 μεθιστά-

78 461 206 499 μενος
232 448 443 500 φαίνεται.

136 508 208 551 καὶ
234 512 441 564 φανερόν,
468 511 533 552 ὅτι
559 511 710 552 ἄλλοτε
737 511 875 559 ἄλλως
899 507 1007 564 ὑπὲρ
1033 509 1142 563 ἡμᾶς
1167 510 1344 551 ἵσταται.

136 574 243 616 ὅταν
267 571 347 628 μὲν
373 575 453 628 γὰρ
479 574 504 628 ἡ
532 575 706 628 συναφὴ
726 580 804 616 τοῦ
825 574 1036 630 ζῳδιακοῦ
1055 574 1218 615 κύκλου
1237 574 1307 615 καὶ
1326 580 1403 615 τοῦ

77 643 262 692 θερινοῦ
293 644 502 692 τροπικοῦ
535 637 602 680 ἐπὶ
636 644 709 692 τῆς
744 639 990 693 διχοτομίας
1020 631 1048 693 ᾗ
1078 643 1155 678 τοῦ
1188 635 1298 691 ὑπὲρ
1322 643 1406 691 γῆν

80 704 294 756 τμήματος
313 708 391 743 τοῦ
411 707 594 757 θερινοῦ
614 708 822 756 τροπικοῦ
841 702 1016 755 κύκλου,
1037 701 1275 754 ὀρθότατος
1287 703 1405 743 ἔσται

79 767 185 821 πρὸς
218 766 347 820 ἡμᾶς·
392 766 498 808 ὅταν
531 767 579 808 δὲ
613 765 682 808 ἐπὶ
717 772 790 820 τῆς
823 767 1071 820 διχοτομίας
1099 771 1178 807 τοῦ
1208 766 1293 807 ὑπὸ
1325 771 1406 819 γῆν

78 832 294 884 τμήματος
337 836 415 872 τοῦ
458 835 643 887 θερινοῦ
685 836 906 884 τροπικοῦ,
949 831 1251 879 ταπεινότατος
1286 827 1406 872 ἔσται

77 895 185 948 πρὸς
221 895 350 948 ἡμᾶς·
401 894 473 936 καὶ
511 894 576 936 ἀεὶ
613 892 693 947 μὲν
729 894 1006 948 πορρώτερον
1041 895 1298 948 γιγνόμενος
1333 900 1407 947 τῆς

80 959 327 1012 διχοτομίας
358 963 435 1000 τοῦ
468 956 575 1013 ὑπὲρ
602 965 684 1012 γῆν
709 960 924 1012 τμήματος
948 963 1027 999 τοῦ
1052 961 1236 1011 θερινοῦ
1261 971 1406 1013 τροπι-

79 1028 175 1074 κοῦ,
207 1025 372 1076 μᾶλλον
405 1024 524 1064 ἔσται
555 1021 820 1075 κεκλιμένος·
871 1021 1030 1076 ὁμοίως
1054 1019 1101 1063 δὲ
1127 1023 1243 1063 ἔσται
1269 1025 1407 1064 κεκλι-

80 1085 222 1141 μένος,
249 1091 347 1128 ἴσον
372 1086 542 1141 ἀπέχων
567 1086 861 1142 ὁποτερασοῦν
886 1093 973 1127 τῶν
998 1087 1268 1140 διχοτομιῶν.

719 1241 770 1279 η.

147 1319 206 1359 Τὰ
232 1316 361 1376 ζῴδια
386 1318 434 1360 ἐν
459 1318 627 1368 ἀνίσοις
645 1321 830 1372 τμήμασι
850 1325 928 1360 τοῦ
948 1318 1166 1373 ὁρίζοντος
1185 1318 1407 1361 ἀνατέλλει

83 1398 127 1423 τε
148 1381 218 1424 καὶ
239 1383 377 1424 δύνει·
403 1382 474 1424 καὶ
495 1382 542 1424 ἐν
560 1384 777 1435 μεγίστοις
795 1379 875 1436 μὲν
893 1383 945 1424 τὰ
961 1383 1070 1437 πρὸς
1088 1387 1146 1439 τῷ
1168 1384 1410 1439 ἰσημερινῷ,

85 1445 133 1488 ἐν
170 1444 374 1488 ἑλάσσοσι
412 1444 459 1488 δὲ
491 1447 542 1488 τά
573 1446 668 1500 ἑξῆς
698 1446 882 1488 τούτων·
933 1446 981 1488 ἐν
1012 1445 1250 1501 ἐλαχίστοις
1281 1444 1327 1488 δὲ
1359 1448 1409 1488 τὰ

83 1510 191 1563 πρὸς
220 1517 311 1560 τοῖς
341 1517 582 1566 τροπικοῖς,
614 1509 662 1552 ἐν
687 1511 798 1559 ἴσοις
823 1508 870 1552 δὲ
895 1511 946 1552 τὰ
973 1514 1070 1552 ἴσον
1097 1510 1307 1564 ἀπέχοντα
1332 1517 1410 1553 τοῦ
1486 1528 1494 1561 j

85 1575 338 1629 ἰσημερινοῦ
363 1575 538 1616 κύκλου.

143 1640 249 1679 ε”στω
277 1637 325 1680 ἐν
350 1640 495 1695 κόσμῳ
522 1639 677 1692 ὁρίζων
702 1639 860 1688 κύκλος
884 1637 906 1680 ὁ
933 1640 1120 1693 ΑΒΓΔ,
1145 1637 1340 1693 τροπικοὶ
1363 1636 1410 1681 δὲ

84 1702 124 1744 οἱ
151 1704 248 1756 ΑΓ,
273 1705 372 1755 ΒΔ,
404 1701 426 1743 ὁ
459 1700 506 1744 δὲ
538 1710 626 1744 τῶν
657 1703 821 1759 ζῳδίων
845 1703 1003 1751 κύκλος
1027 1701 1154 1745 θέσιν
1181 1702 1307 1756 ἐχέτω
1333 1703 1411 1757 τὴν

86 1768 182 1819 ΒΓ,
215 1767 463 1821 ῑσημερινὸς
495 1764 542 1808 δὲ
574 1768 731 1816 κύκλος
763 1767 786 1809 ὁ
819 1769 921 1820 ΕΖ,
958 1765 1028 1807 καὶ
1061 1767 1285 1822 διῃρήσθω
1317 1766 1410 1809 ἑκα-

86 1829 187 1884 τέρα
212 1837 299 1871 τῶν
327 1832 428 1884 ΓΗ,
454 1833 542 1872 ΗΒ
577 1832 636 1880 εἰς
667 1832 764 1885 τρία
797 1830 869 1872 ἰ’σα
899 1831 1005 1872 κατὰ
1034 1831 1086 1872 ’τὰ
1112 1833 1174 1883 Ν,
1201 1833 1260 1884 Κ,
1286 1834 1347 1884 Π,
1380 1832 1418 1871 Τ

85 1900 254 1948 σημεῖα·
306 1893 430 1948 λέγω,
465 1895 531 1937 ὅτι
565 1895 609 1937 αἱ
643 1898 742 1943 ΓΝ,
774 1897 887 1948 ΝΚ,
918 1897 1030 1948 ΚΗ,
1056 1897 1171 1947 ΗΠ,
1198 1897 1304 1946 ΠΤ,
1335 1897 1410 1936 ΤΒ

85 1957 358 2012 περιφέρειαι
391 1957 440 2000 ἐν
473 1958 639 2008 ἀνίσοις
670 1960 856 2013 τμήμασι
887 1964 964 2000 τοῦ
995 1957 1212 2013 ὁρίζοντος
1237 1957 1409 2000 ἀνατέλ-

85 2023 216 2064 λουσί
250 2037 295 2063 τε
334 2021 405 2063 καὶ
444 2023 641 2075 δύνουσι,
677 2023 748 2065 καὶ
786 2022 834 2065 ἐν
863 2025 1081 2076 μεγίστοις
1110 2020 1190 2077 μὲν
1220 2023 1264 2064 αἱ
1297 2025 1410 2068 KH,

87 2088 201 2138 ΗΠ,
234 2084 282 2127 ἐν
308 2085 509 2128 ἐλάσσοσι
536 2085 582 2127 δὲ
609 2087 652 2128 αἱ
680 2089 791 2138 ΚΝ,
822 2089 927 2139 ΠΤ,
959 2085 1007 2127 ἐν
1031 2085 1269 2140 ἐλαχίστοις
1294 2084 1339 2128 δὲ
1367 2087 1410 2127 αἱ

145 2220 176 2252 7.
202 2218 264 2252 καὶ
290 2223 354 2252 τοῦ
380 2221 534 2261 θερινοῦ
559 2225 735 2262 τροπικοῦ
777 2230 846 2253 om.
873 2218 954 2253 Vat.
1045 2221 1078 2253 8.
1104 2213 1143 2264 ᾖ]
1167 2219 1251 2263 post
1276 2217 1411 2252 κύκλου

87 2263 167 2307 (lin.
189 2266 221 2308 7)
248 2275 314 2299 scr.
342 2265 425 2299 vat.
534 2269 565 2299 9.
592 2265 726 2300 κύκλου
768 2276 836 2300 om.
864 2265 947 2299 Vat.
998 2254 1210 2310 ὀρθόιῖατος]
1236 2262 1348 2308 ὀρθά·
1374 2263 1411 2298 in

87 2321 155 2345 ras.
183 2311 225 2346 V.
295 2315 349 2346 13.
376 2312 459 2358 γῆν]
486 2316 552 2357 γῆς
575 2312 659 2349 Vass.
723 2316 776 2353 16.
802 2311 853 2363 η’]
878 2310 918 2347 θ’
945 2311 988 2347 ν’.
1050 2315 1103 2346 17.
1130 2311 1185 2361 ἐν]
1210 2321 1321 2360 supra
1343 2321 1409 2349 nor.
