1494 2450
401 38 732 77 INTRODUCTIO
756 38 1047 76 HARMONICA
1325 39 1410 82 197

64 98 66 119 Ι

61 123 65 203 ἴ
89 135 293 195 endentes
315 153 553 207 systemata
570 149 771 206 perfecta.
803 164 852 192 ac
872 148 1111 204 barypycni
1126 148 1299 204 quidem
1314 151 1415 191 sunt

58 204 63 274 s
84 217 246 273 uinque
270 217 335 260 hi:
360 216 520 273 hypate
540 217 747 271 hypaton,
772 215 932 271 hypate
952 229 1114 270 meson,
1141 228 1267 269 mese,
1291 229 1413 269 para-

101 298 187 338 ese,
221 285 319 325 nete
351 282 697 339 diezeugmenon.
749 281 902 337 apycni
933 295 1034 323 vero
1067 283 1110 322 et
1137 279 1412 335 comprehen-

83 351 201 392 entes
228 351 463 404 systemata
487 347 679 403 perfecta
703 347 750 389 hi
775 349 862 388 tres
889 345 1063 402 reliqui:
1088 345 1411 401 proslambano-

53 407 55 423 ³
99 429 215 470 enos,
241 417 340 457 nete
366 427 688 469 synemmenon,
713 415 811 454 nete
836 411 1171 468 hyperbolaeon.

111 479 337 522 mobilium
369 482 513 521 autem
546 479 621 521 alii
653 481 754 522 sunt
779 477 1048 533 mesopycni,
1081 477 1155 519 alii
1181 477 1411 533 oxypycni,

94 545 126 587 ii
160 545 336 587 diatoni.
386 559 435 587 ac
471 544 724 600 mesopycni
764 543 935 599 quidem
974 546 1076 585 sunt
1115 543 1305 598 quinque
1344 543 1409 585 hi:

0 637 3 648 ι
45 611 290 668 ¹*parhypate
310 610 514 666 hypaton,
533 610 772 666 parhypate
790 624 948 664 meson,
968 609 1068 651 trite
1083 623 1408 681 synemmenon,

44 672 151 721 'trite
179 676 527 733 diezeugmenon,
553 676 655 717 trite
680 674 1012 749 hyperbolaeon.
1063 674 1277 729 oxypycni
1304 689 1407 717 vero

42 738 250 785 'similiter
282 742 515 784 secundum
549 756 683 798 genus
718 741 926 796 quinque,
958 740 1004 782 in
1036 740 1263 782 harmonia
1288 754 1406 782 enar-

0 821 3 868 j
38 796 202 869 emonii,
237 807 281 849 in
314 807 534 850 chromate
567 807 835 862 chromatici3
874 806 1095 848 diatonum
1131 806 1246 848 enim
1279 806 1408 862 spissi

36 874 267 930 particeps
292 888 379 916 non
406 875 481 915 est.
521 876 621 916 sunt
647 872 819 930 igitur
807 888 854 915 1n
878 871 1103 915 harmonia
1122 871 1185 914 hi:
1211 871 1405 915 lichanos

34 938 242 995 :hypaton
267 938 552 993 enarmonios,
576 938 773 981 lichanos
800 953 949 981 meson
974 937 1260 994 enarmonios,
1285 953 1405 994 para—

46 1008 146 1047 nete
179 1019 487 1060 synemmenon
513 1004 808 1059 enarmonios,
839 1006 1043 1059 paranete
1069 1003 1407 1060 diezeugmenon

49 1070 333 1125 enarmonios,
353 1072 555 1125 paranete
575 1069 893 1125 hyperbolaeon
917 1070 1199 1112 enarmonios.
1225 1069 1270 1111 in
1285 1069 1404 1112 chro-

48 1138 160 1178 mate
191 1137 334 1178 autem
362 1135 427 1178 hi:
464 1135 659 1179 lichanos
683 1135 879 1192 hypaton
904 1135 1178 1190 chromatice,
1207 1135 1402 1179 lichanos

49 1216 197 1244 meson
230 1201 504 1256 chromatice,
541 1203 748 1258 paranete
783 1215 1093 1256 synemmenon
1126 1200 1403 1256 chromatice,

24 1285 25 1288 ¹
48 1269 247 1323 paranete
291 1267 624 1324 diezeugmenon
668 1266 956 1322 chromatice,
1000 1269 1205 1322 paranete
1248 1267 1403 1323 hyper-

47 1331 223 1376 bolaeon
264 1333 534 1376 chromatice.
585 1332 750 1375 diatoni
791 1334 936 1375 autem
976 1332 1042 1374 hi:
1090 1332 1287 1375 lichanos
1325 1333 1403 1389 hy-

46 1400 177 1455 paton
192 1398 400 1452 diatonos,
418 1398 612 1441 lichanos
626 1413 775 1441 meson
792 1398 1006 1454 diatonos,
1017 1400 1220 1454 paranete
1234 1414 1401 1454 synem-

45 1478 200 1506 menon
228 1463 435 1516 diatonos,
461 1467 663 1519 paranete
684 1464 1021 1521 diezeugmenon
1042 1463 1254 1520 diatonos,
1278 1479 1401 1520 para·

44 1531 141 1572 nete
165 1529 486 1585 hyperbolaeon
512 1529 767 1581 diatonos.¹)

27 1644 30 1647 Α
102 1594 142 1637 5.
174 1595 504 1638 lntervallorum
531 1595 794 1638 differentiae
821 1598 923 1638 sunt
949 1596 1157 1652 quinque,
1186 1599 1398 1652 quatenus

31 1660 341 1717 magnitudine
374 1661 488 1703 inter
522 1675 567 1704 se
602 1662 806 1704 differunt
840 1665 884 1704 et
921 1664 1132 1717 quatenus
1168 1677 1322 1719 genere
1356 1666 1399 1706 et

29 1728 252 1780 quatenus
286 1740 474 1770 consona
505 1742 529 1769 a
555 1726 741 1770 dissonis
767 1730 811 1770 et
836 1730 1047 1783 quatenus
1074 1728 1316 1783 composita
1341 1728 1395 1770 ab

19 1765 340 1846 lincompositis
378 1794 422 1834 et
460 1795 670 1848 quatenus
702 1793 931 1835 rationalia
969 1793 1021 1835 ab
1059 1793 1395 1837 irrationalibus.

3 1828 91 2050 iac
117 1856 357 1899 differentia
389 1857 560 1912 quidem
597 1859 830 1901 secundum
858 1859 1200 1915 magnitudinem
1228 1862 1306 1915 est,
1332 1875 1396 1902 se-

4 1956 12 1978 t

2 2054 10 2068 ε·
103 2040 137 2084 1)
162 2039 204 2075 V.
225 2051 321 2084 quae
352 2040 398 2075 de
429 2040 499 2076 hoc
529 2040 611 2076 loco
643 2044 815 2087 corrupto
847 2035 983 2077 diserte
1010 2042 1217 2087 disputavit
1240 2042 1273 2078 J.
1294 2042 1395 2079 Cook

30 2115 33 2118 ⁴
41 2040 198 2131 Wilson,
226 2087 402 2123 Classical
427 2088 515 2124 Rev.
535 2088 653 2124 XVIII
681 2093 783 2134 1904,
809 2102 844 2135 p.
866 2093 934 2125 388
946 2102 999 2135 sq.

13 2265 146 2321 γένος
171 2277 257 2313 add.
283 2278 446 2323 ἀλλήλων
473 2279 530 2315 W.
630 2283 685 2315 26.
711 2274 835 2327 25‚]W
862 2291 932 2316 om
954 2282 1053 2325 6666,
1078 2281 1168 2316 item
1192 2281 1259 2317 lin
1287 2285 1343 2318 27.

0 2358 2 2363 ,
24 2323 204 2360 σύνθετα
227 2331 302 2362 τῶν
328 2326 562 2375 ἀσύνθέτων]
588 2317 779 2363 ἀσύνθετα
803 2334 878 2364 τῶν
903 2327 1097 2364 συνθέτων
1120 2328 1176 2365 W.
