1456 2456
111 60 243 95 XXXII
594 60 918 96 PROLEGOMEN
921 64 951 96 A
1433 0 1456 116 {i

1443 117 1449 142 ε

169 164 307 209 primus
332 165 437 200 testis
459 167 513 199 est
531 165 768 208 Theodosius
793 165 892 210 apud
917 176 1025 210 quem
1050 166 1088 200 in
1114 167 1271 202 secundo
1291 167 1337 202 de
1357 167 1449 203 die
1442 97 1456 190 i

110 216 178 251 bus
204 218 241 251 et
264 217 434 252 noctibus
458 217 553 252 libro
577 218 669 253 haec
698 219 836 263 scripta
860 220 945 252 sunt
956 218 997 264 ¹):
1030 219 1092 254 καὶ
1117 219 1195 254 ἐπεὶ
1220 219 1239 254 6
1264 226 1328 255 τοῦ
1354 223 1390 254 X
1398 208 1456 262 ap!

110 268 222 309 πόλος
245 270 378 314 μεταξὺ
401 275 475 305 τῶν
501 272 587 313 ΕΖ,
614 273 681 305 ΒΑ
708 271 849 306 κύκλων
874 269 983 314 ἐστίν,
1008 271 1062 311 ὡς
1086 271 1131 306 ἐν
1155 277 1248 313 τοῖς
1272 285 1432 316 φαινο-

111 322 263 365 μένοις
287 321 533 364 δέδεικται,
559 322 578 357 ὁ
599 322 671 365 ἄρα
692 322 811 366 ἕτερος
831 324 945 358 αὐτοῦ
963 322 1074 363 πόλος
1098 323 1230 368 μεταξν
1254 329 1327 360 τῶν
1346 324 1456 359 ἴσων-’ἲ
1444 357 1456 379 Ι

111 387 148 409 τε
173 375 235 409 καὶ
260 374 499 418 παραλλήλων
523 380 600 414 τοῖς
623 377 703 418 ΕΖ,
729 377 796 409 BA
824 375 928 411 ἐστιν.
966 375 1028 410 cfr.
1051 376 1307 411 Phaenomena
1329 387 1432 421 prop.
1452 387 1456 430 j

111 427 194 461 XIV
218 437 286 460 rec.
307 437 329 460 a
352 438 386 470 p.
402 429 462 469 90,
477 430 549 460 2-
559 431 596 469 6,
627 438 698 462 rec.
717 427 740 461 b
766 439 800 472 p.
816 431 871 470 88,
887 432 980 462 13—
986 432 1027 462 19
1053 439 1085 463 c.
1102 428 1205 474 figg.;
1237 428 1456 474 Theodosiii

110 482 194 514 ΧΨ
216 481 272 513 est
296 490 366 514 rec.
387 490 408 513 a
435 481 554 523 EPO,
579 490 648 514 rec.
672 481 692 513 b
703 481 848 525 ΚΝΖ;
874 482 943 514 ΕΖ
967 491 1037 515 rec.
1057 491 1079 515 a
1099 483 1184 524 AE,
1207 490 1279 515 rec.
1299 480 1322 514 b
1346 483 1432 524 EZ;

110 535 177 566 AB
202 543 273 567 rec.
295 543 317 566 a
343 534 467 574 ΒΓΚ,
497 543 568 566 rec.
588 532 612 565 b
638 535 716 566 BA.
761 543 847 566 usus
873 534 930 566 est
953 534 1091 575 autem,
1121 534 1164 567 ut
1187 533 1347 574 videtur,
1377 544 1433 567 re-

111 584 280 619 censione
305 584 346 626 b,
377 583 450 618 nisi
474 584 565 618 forte
591 584 801 628 suspiceris,
826 584 936 619 verba
960 585 1008 625 ὡς
1031 586 1071 620 ἐν
1094 591 1171 625 τοῖς
1196 585 1456 636 φαινομένοις-ξ

112 636 330 671 scholiastae
356 635 481 670 deberi
506 638 615 680 atque
639 636 864 696 interpolata.
889 647 976 672 esse.
1451 644 1456 685 ξ

170 688 261 723 alter
284 688 390 723 testis
415 690 471 723 est
497 687 654 723 Galenus
681 689 744 732 qui
771 689 839 724 ‘De
863 689 1011 734 placitis
1032 689 1265 734 Hippocratis
1291 692 1328 724 et
1350 689 1431 724 Pla-

110 742 222 776 tonis’
250 741 474 776 ed.1wanus
498 740 653 776 Mueller
684 745 774 776 1874
804 753 839 786 p
858 745 942 784 655,
959 745 1071 786 Ssqq.
1113 742 1205 776 haec
1230 742 1337 776 dicit:
1369 714 1456 790 duic}

109 800 216 829 τοῦτο
242 792 308 829 οὖν
329 791 529 838 Εὐκλείδης
552 793 618 838 μὲν
643 793 697 829 ἑνὶ
721 793 932 838 θεωρήματι
955 807 1004 840 τῳ
1029 795 1157 841 πρώτῳ
1183 794 1277 829 κατὰ
1300 794 1341 829 τὸ
1360 796 1456 842 τῶνξ

112 845 397 890 φαινομένων
422 844 563 892 βιβλίον
587 845 746 888 ἐπέδειξε
772 845 835 881 διὰ
861 845 1047 891 ὀλιγίστων
1073 846 1169 882 ἐπῶν
1194 846 1260 890 τὴν
1279 852 1348 892 γῆν
1371 845 1456 890 μέ-

111 910 177 943 σην
204 896 298 934 εἶναι
322 904 386 933 τοῦ
411 898 548 942 κόσμου
572 899 634 932 καὶ
661 897 810 943 σημείου
831 898 895 933 καὶ
919 898 1069 942 κέντρου
1093 897 1203 943 λόγον
1222 898 1316 944 ἔχειν
1341 898 1456 942 πρὸς

111 950 235 994 αὐτόν,
255 950 274 986 ὃ
294 950 328 986 οἱ
348 950 532 994 μαθόντες
550 964 643 985 ουτω
663 951 871 986 πιστεύουσι
889 953 938 997 τῷ
958 950 1229 996 συμπεράσματι
1252 956 1315 995 τῆς
1340 951 1431 986 ἀπο·
1455 987 1456 990 ,

110 1002 254 1045 δείξεως
278 1003 327 1043 ὡς
350 1004 413 1038 καὶ
437 1006 487 1050 τῷ
510 1002 556 1038 τὰ
581 1003 638 1043 δὶς
662 1003 729 1038 δύο
754 1003 907 1044 τέτταρα
931 1000 1036 1038 εἶναι.
1452 1002 1456 1009 ’

170 1055 334 1100 Pappus‚
364 1057 559 1100 postquam
583 1056 622 1090 in
645 1056 830 1100 prooemio
861 1055 948 1090 libri
975 1055 1068 1090 sexti
1093 1067 1127 1100 p.
1142 1059 1221 1098 474,
1236 1059 1347 1090 9-11
1375 1055 1456 1101 ed
1452 1048 1456 1067 ¹

110 1108 274 1143 Hultsch.
300 1108 409 1151 dixit,
439 1108 477 1142 in
502 1108 663 1142 secunda
687 1108 1024 1143 Phaenomenorum
1049 1083 1297 1152 propositione
1323 1107 1431 1142 omis-

111 1172 190 1196 sum
216 1171 305 1202 esse,
330 1161 498 1204 quotiens
523 1160 692 1195 zodiacus
713 1161 760 1195 ad
784 1160 1009 1195 horizontem
1032 1161 1152 1194 rectus
1171 1162 1277 1202 esset,
1303 1172 1336 1204 p.
1353 1163 1456 1202 594,
1454 1183 1456 1205 3

111 1216 154 1247 28
169 1224 246 1257 sqq.
280 1213 325 1247 de
355 1213 668 1257 propositionibus
693 1213 742 1255 ΙΙ,
768 1213 850 1256 ΧΠ,
876 1213 957 1248 XIII
984 1212 1159 1257 disputat.
1203 1212 1360 1256 primum
1385 1213 1430 1247 de
1452 1222 1456 1255 .³

109 1276 211 1312 prop.
232 1265 266 1298 II
296 1265 386 1299 haec
416 1264 588 1310 legimus:
620 1266 681 1300 ἐπὶ
709 1270 773 1300 τοῦ
803 1264 842 1311 β’
866 1264 1102 1309 θεωρήματος
1131 1270 1203 1299 τῶν
1230 1264 1430 1300 Εὐκλείδου
1454 1275 1456 1278 ·

110 1315 345 1362 φαινομένων
369 1323 541 1360 παρεῖται
563 1318 627 1352 καὶ
652 1317 715 1353 διὰ
739 1321 804 1362 τῆς
831 1316 1067 1359 ἀποδείξεως,
1098 1316 1164 1352 ἐὰν
1189 1316 1208 1351 ὁ
1233 1315 1344 1357 πόλος
1366 1323 1430 1352 τοῦ
1453 1320 1456 1363 J

110 1368 293 1413 ὁρίζοντος
317 1370 450 1414 μεταξὺ
474 1376 546 1405 τῶν
570 1376 754 1413 τροπικῶν
777 1366 799 1416 ᾖ
825 1368 848 1414 ἢ
874 1368 934 1406 ἐπί
955 1382 1054 1410 τινος
1078 1370 1210 1413 αὐτῶν,
1234 1369 1390 1410 ποσάκις
1411 1369 1429 1403 ὁ
1453 1366 1456 1369 ⁴

109 1422 287 1468 ζῳδιακὸς
310 1420 402 1466 πρὸς
427 1421 546 1464 ὀρθὰς
566 1422 665 1458 ἔσται
689 1422 780 1466 πρὸς
804 1419 868 1458 τὸν
894 1420 1060 1466 ὁρίζοντα
1085 1421 1124 1456 ἐν
1147 1424 1211 1466 μιᾶ
1236 1425 1429 1468 περιφορᾷ.

110 1474 169 1509 διὸ
188 1472 430 1518 ἀποδείξομεν
444 1474 548 1519 ’ἡμεῖς
567 1472 632 1518 ὅτι,
651 1474 717 1511 ἐὰν
732 1474 800 1519 μὲν
816 1474 834 1509 6
850 1474 960 1515 πόλος
974 1479 1038 1509 τοῦ
1055 1457 1237 1517 ὁρίζοντος
1255 1472 1315 1509 ἐπί
1334 1487 1432 1514 τινος
1453 1494 1456 1496 -

108 1532 181 1562 τῶν
199 1532 382 1570 τροπικῶν
401 1521 436 1572 ᾗ,
462 1526 559 1569 ἅπαξ
579 1527 598 1563 ὁ
618 1525 795 1574 ζῳδιακός
817 1528 913 1563 ἐστιν
933 1526 1046 1569 ὀρθὸς
1067 1526 1158 1569 πρὸς
1181 1524 1245 1561 τὸν
1264 1526 1430 1570 ὁρίζοντα

109 1579 150 1614 ἐν
166 1582 231 1626 μιᾷ
250 1581 446 1627 περιφορᾷ,
467 1578 532 1615 ἐὰν
549 1580 588 1615 δὲ
605 1579 737 1625 μεταξὺ
752 1585 825 1615 τῶν
838 1584 1033 1623 τροπικῶν,
1052 1576 1118 1619 δίς.
1145 1578 1299 1622 adparet
1316 1578 1431 1623 igitur

109 1632 219 1675 atque
244 1632 375 1674 exstat,
399 1631 438 1666 in
463 1642 505 1666 eo
526 1631 860 1667 Phaenomenorum
887 1629 1095 1676 exemplari,
1120 1630 1219 1674 quod
1238 1630 1362 1675 Pappo
1382 1631 1430 1664 ad
1454 1643 1456 1645 ·

109 1695 259 1718 manum
284 1686 377 1726 erat,
409 1684 562 1718 alteram
593 1686 734 1729 partem
759 1686 945 1729 protaseos
970 1683 1228 1728 propositionis
1252 1683 1285 1716 Π
1310 1683 1359 1727 (p.
1377 1687 1428 1721 12,

112 1739 261 1781 19-23)
281 1738 318 1771 et
337 1736 684 1771 demonstrationem
704 1748 740 1781 p.
753 1739 809 1780 20,
824 1739 948 1779 6—22‚
962 1739 1005 1770 25
1031 1734 1190 1770 defuisse
1215 1736 1325 1779 atque
1347 1737 1430 1779 post
1454 1767 1456 1769 ,

110 1799 193 1823 811111
217 1788 460 1832 interpolatas
484 1789 604 1834 esse.²)
642 1791 719 1823 tum
745 1789 844 1833 apud
866 1788 1032 1833 Pappum
1050 1799 1084 1832 p.
1097 1790 1175 1830 598,
1190 1791 1232 1822 21
1242 1798 1320 1831 sqq.
1339 1787 1429 1821 haec

170 1888 202 1931 1)
224 1886 342 1922 Verba
360 1887 557 1923 Theodosii
582 1887 790 1932 deprompsi
815 1898 859 1922 ex
884 1886 1026 1922 schedis
1045 1885 1240 1926 Hultschii,
1267 1886 1329 1929 qui
1352 1885 1428 1919 eius

110 1933 246 1985 scripta
270 1934 514 1969 astronomica
539 1945 558 1969 8
584 1935 662 1970 cod.
675 1934 758 1969 Vat.
779 1933 838 1968 Gr.
861 1937 924 1968 191
952 1932 1154 1977 descripsit.
1199 1932 1275 1966 cod.
1299 1942 1429 1976 propo-

110 1975 282 2014 sitionum
308 1991 475 2015 numeros
500 1991 573 2015 non
597 1981 726 2022 habet;
753 1979 917 2015 v.Au1·ia
938 1978 1132 2014 Theodosii
1156 1978 1358 2022 Tripolitae
1384 1979 1428 2012 de

109 2025 238 2061 diebus
264 2028 302 2060 et
325 2026 493 2061 noctibus
518 2026 603 2062 libri
629 2029 712 2062 duo
740 2026 865 2061 ..de
890 2025 1030 2061 Graeca
1054 2025 1181 2071 lingua
1203 2024 1242 2059 in
1260 2024 1427 2059 Latinam

110 2072 287 2115 conversi,
319 2072 456 2107 Romae
483 2077 585 2116 1591,
614 2086 650 2118 p.
671 2077 714 2108 82
745 2084 847 2118 prop.
867 2072 916 2116 Χ,
947 2073 995 2113 ὡς
1025 2072 1064 2107 ἐν
1094 2085 1123 2106 τ.
1150 2085 1189 2115 φ.
1215 2070 1290 2106 effi.
1318 2071 1429 2105 Auria

108 2119 243 2154 omisit.

167 2168 201 2208 2)
222 2165 264 2200 V.
285 2166 326 2201 A.
341 2165 460 2208 Nokk,
481 2157 578 2200 Uber
603 2166 663 2200 die
683 2165 840 2211 Spharik
862 2165 895 2199 d.
916 2165 1141 2200 Theodosius
1162 2167 1249 2199 1847
1270 2175 1305 2208 p.
1322 2167 1363 2197 18
1374 2175 1427 2208 sq

109 2214 147 2247 et
170 2212 319 2247 Euclida
343 2212 598 2248 Phaenomene
625 2215 714 2247 1850
745 2224 779 2257 p.
794 2216 838 2246 43
853 2223 924 2256 sq.;
954 2211 1130 2256 Heibsxg,
1161 2210 1312 2245 Studien
1340 2210 1429 2244 tiber

109 2258 239 2294 Euclid
264 2271 298 2304 p.
313 2262 355 2293 4⁶1
366 2270 419 2302 sq
