1494 2450
571 56 813 114 ἈΡΡΕΝΒΙΧ
1285 77 1366 120 123

16 207 106 248 ,que
134 191 287 246 reliqui
317 205 440 232 arcus
467 192 580 239 ΜΛ,
610 191 707 231 ΘΗ
731 187 899 244 aequali
930 192 1123 244 tempore
1155 187 1366 231 occidunt.

16 257 107 301 ‘dam
141 255 339 299 similiter
376 254 782 309 demonstrabimus,
820 254 950 297 etiam
988 268 1110 296 arcus
1145 255 1254 307 ΜΓ,
1282 256 1376 296 ΑΗ

25 320 186 378 aequali
211 322 404 376 tempore
430 319 631 363 occidere.
664 323 707 362 et
727 322 931 375 quoniam
951 334 1075 362 arcus
1096 322 1192 362 AH
1211 318 1372 361 maiore

14 391 209 443 tempore
235 386 390 429 occidit
416 401 546 441 quam
572 389 659 428 ΗΘ
685 388 727 427 et
754 388 840 428 ΗΘ
866 400 995 441 quam
1020 387 1112 440 ΘΚ,
1139 399 1262 427 arcus
1285 387 1379 427 ΓΜ

0 452 179 516 {maiore
218 455 410 507 tempore
448 451 607 494 occidit
646 466 776 506 quam
802 453 895 493 MA
928 453 970 494 et
995 453 1089 493 MA
1121 465 1250 506 quam
1276 453 1371 493 AK.

0 518 2 529 ¹
25 532 122 576 ergo
147 520 333 560 maximo
360 520 553 573 tempore
579 531 702 559 arcus
726 519 829 571 ΑΗ,
849 519 945 559 MP
965 516 1177 572 occidunt,
1209 516 1373 558 minore

0 579 4 637 ᾖ
23 587 162 627 autem
181 586 281 638 ΗΘ,
301 585 407 637 AM,
433 582 614 625 minimo
639 585 783 624 autem
807 585 899 637 ΘΚ,
920 584 1016 636 ΛΚ,
1041 581 1209 637 aequali
1229 584 1373 623 autem

0 644 3 700 ξ
23 651 66 706 ii,
89 648 160 704 qui
186 648 238 690 ab
265 648 567 704 aequinoctiali
592 647 760 703 aequali
785 649 1012 690 intervallo
1040 647 1212 699 distant,
1238 650 1282 689 et
1307 661 1373 688 oc-

0 706 2 709 *
26 714 168 758 cidunt
193 717 235 757 et
260 716 467 756 oriuntur.

678 833 716 874 3.

509 915 583 958 Ad
610 931 747 972 prop.
770 915 884 958 XIV.

379 999 550 1042 Aliter
574 999 868 1055 propositio
897 997 1010 1041 XIV.

80 1095 161 1138 Est
202 1099 347 1139 autem
390 1098 520 1137 etiam
563 1096 668 1138 haec
706 1094 936 1150 explicatio
976 1095 1113 1150 magis
1151 1094 1377 1150 perspicua

27 1176 173 1218 priore.

81 1227 137 1270 sit
160 1227 206 1269 in
230 1226 390 1269 mundo
415 1226 596 1268 horizon
622 1229 760 1268 ΑΒΓ
786 1230 828 1267 et
860 1229 1072 1268 maximus
1106 1226 1377 1280 circulorum,

26 1293 97 1348 qui
115 1306 282 1347 semper
297 1291 518 1347 conspicui
532 1295 646 1348 sunt,
667 1295 806 1343 ΑΔΕ,
828 1295 1042 1333 maximus
1058 1294 1202 1333 autem
1216 1305 1377 1345 eorum,

26 1357 98 1414 qui
123 1371 290 1413 semper
314 1357 473 1399 occulti
499 1360 611 1411 sunt,
640 1359 790 1407 ΖΗΘ,
816 1361 858 1399 et
884 1360 1070 1400 aestivus
1103 1357 1295 1412 tropicus
1321 1357 1378 1399 sit

26 1425 126 1477 ΚΛ,
156 1422 354 1465 hiemalis
386 1425 529 1464 autem
562 1421 753 1477 tropicus
781 1424 877 1476 ΒΓ,
914 1425 955 1464 et
987 1422 1043 1464 sit
1074 1422 1200 1478 polus
1228 1422 1377 1464 circuli

0 1541 1 1546 ¹
28 1490 152 1532 ΑΒΓ
169 1491 281 1530 inter
307 1489 490 1530 circulos
510 1491 650 1542 ΑΔΕ,
677 1489 775 1541 ΚΛ,
801 1491 844 1529 et
869 1488 956 1530 sint
980 1490 1122 1543 partes
1149 1487 1378 1530 orientales

0 1552 2 1617 ᾗ
26 1555 83 1608 Λ,
103 1556 150 1604 Γ,
183 1542 466 1596 o'oeidentaIes
493 1557 637 1596 autem
663 1555 719 1607 Κ,
741 1555 798 1607 Β,
830 1553 993 1595 zodiaci
1020 1556 1164 1595 autem
1190 1553 1377 1596 semicir-

0 1627 5 1677 ‡
27 1618 123 1673 culi,
148 1622 221 1675 qui
246 1622 346 1675 post
372 1618 584 1661 Cancrum
609 1621 685 1673 est,
710 1620 947 1674 positiones
973 1619 1060 1661 sint
1085 1618 1184 1673 ΝΞ,
1212 1621 1310 1673 ΟΠ,
1337 1622 1380 1661 et

0 1684 240 1727 'auferatur
266 1699 388 1727 arcus
418 1687 510 1726 011
540 1687 618 1739 ita,
651 1687 699 1726 ut
729 1698 818 1726 non
849 1687 987 1726 maior
1013 1686 1070 1726 sit
1096 1683 1379 1736 semicirculo,
1421 1736 1432 1744 ·

0 1772 1 1788 1
27 1752 68 1792 et
86 1749 350 1792 describatur
370 1765 445 1805 per
465 1753 514 1791 H
530 1750 714 1792 circulus
737 1749 944 1792 circulum
964 1753 1094 1792 ΑΔΕ
1113 1752 1378 1806 contingens.

26 1828 152 1871 quare
195 1816 324 1858 etiam
369 1815 576 1857 circulum
610 1817 748 1857 ΖΗΘ
786 1815 1018 1870 continget.
1068 1818 1155 1856 iam
1193 1818 1268 1857 aut
1304 1830 1380 1870 per

26 1883 230 1936 punctum
258 1883 295 1922 Ο
320 1881 462 1923 veniet
487 1883 562 1922 aut
587 1883 796 1934 punctum
826 1883 862 1921 Ο
889 1880 1118 1936 superabit.
1170 1880 1379 1922 describa-

27 1947 96 1987 tur
126 1947 168 1987 et
193 1946 249 1987 sit
274 1948 433 2000 ΕΘΠ,
465 1945 526 1987 ita
558 1948 607 1987 ut
640 1945 934 1988 semicirculus
961 1945 1014 1987 ab
1041 1949 1082 1987 E
1105 1946 1223 1988 velut
1249 1946 1302 1987 ad
1327 1949 1381 1999 Ε,

28 2009 77 2064 Ξ,
103 2014 145 2053 Π
178 2014 319 2066 partes
353 2026 450 2053 cum
482 2011 753 2054 semicirculo
787 2010 839 2052 ab
868 2015 909 2053 A
941 2026 1075 2067 usque
1101 2011 1155 2053 ad
1181 2015 1236 2065 Α,
1265 2014 1319 2063 Κ,
1347 2014 1384 2053 Ρ

0 2115 1 2118 ,
29 2079 168 2131 partes
187 2091 275 2118 non
295 2080 532 2130 concurrat,
552 2080 595 2119 et
616 2077 912 2132 compleantur
933 2076 1081 2119 circuli
1103 2076 1228 2131 ΞΝς,
1247 2080 1379 2119 ΠΟΡ.

27 2166 141 2204 textui
165 2181 213 2204 m.
239 2181 311 2205 rec.
337 2170 528 2205 insertum.
653 2174 707 2205 16.
735 2170 896 2214 ἀφανῶν
938 2170 980 2205 ἀ·
1014 2170 1099 2205 add.
1127 2183 1175 2205 m.
1203 2174 1223 2205 2
1250 2152 1377 2206 VK—

29 2217 84 2251 20.
108 2220 152 2260 A,
178 2217 229 2264 Γ]
254 2221 287 2252 A
312 2228 382 2252 om.
410 2217 506 2262 Van,
533 2217 618 2252 add.
647 2230 694 2252 m.
722 2221 754 2252 2.
806 2221 861 2253 25.
889 2231 911 2261 η
951 2229 1022 2253 om.
1044 2218 1138 2262 Vat,
1164 2218 1250 2252 add.
1277 2229 1324 2253 m.
1347 2222 1379 2253 2.

29 2265 84 2306 26.
111 2262 129 2298 ὁ
156 2264 295 2310 ΕΘΗ]
323 2263 342 2299 ὃ
369 2266 408 2300 et
433 2267 470 2299 Π
493 2264 533 2299 in
559 2275 630 2300 rae.
657 2265 741 2300 Vat.
864 2269 920 2301 28.
949 2267 999 2311 E]
1026 2265 1097 2301 del.
1124 2278 1172 2300 m.
1201 2269 1221 2299 2
1246 2265 1331 2300 Vat.

29 2312 86 2346 ²⁹.
111 2311 154 2358 Α]
179 2311 250 2346 del.
276 2324 324 2346 m.
352 2316 373 2347 2
399 2312 482 2347 Vat.
562 2316 618 2348 29.
646 2313 770 2359 ΞΝς]
798 2313 926 2358 ΞΝΒ]
953 2312 1038 2348 Vat.
1114 2316 1170 2347 30.
1196 2311 1289 2359 ἐπεί]
1316 2314 1380 2347 καὶ

29 2355 110 2395 ,ἐπεί
133 2370 180 2394 m.
208 2362 228 2393 2
253 2358 334 2394 vat.
