1456 2456
516 63 706 99 PROLEG
713 63 885 99 OMENA
1299 62 1382 98 XLI

12 174 122 215 kenne,
158 171 334 216 quoniam
365 171 420 206 ibi
450 173 525 206 tres
556 170 830 217 propositiones
861 170 1120 205 arithmeticae
1152 169 1200 204 ad
1233 169 1382 204 demon-

29 225 222 265 strandum
240 225 519 268 adhiberentur,
538 236 631 269 quas
650 224 690 259 in
702 223 871 259 Euclidis
890 223 1094 259 Elementis
1113 223 1250 257 frustra
1270 233 1382 267 quae-

10 291 12 318 q
28 289 136 323 teres,
160 290 183 313 a
200 289 261 313 me
279 277 480 323 impetrare
499 288 574 312 non
592 289 756 323 possum,
782 278 826 312 ut
851 277 900 312 ad
924 277 1023 312 hanc
1043 276 1258 322 opinionem
1279 286 1382 310 acce-

9 327 123 371 idam.
161 342 249 367 nam
273 331 342 366 has
366 331 638 376 propositiones
662 330 901 377 perspicuum
921 332 978 367 est
997 331 1222 376 quibusdam
1247 341 1381 375 propo-

8 378 223 434 {sifionibus
255 384 534 421 Elementorum
568 384 627 420 vel
661 384 873 420 simillimas
908 395 988 420 esse
1022 384 1081 419 vel
1115 395 1160 420 ex
1193 383 1240 418 iis
1272 382 1383 418 facile

7 438 188 476 {derivari
200 439 241 484 ¹),
268 440 310 473 ut
334 438 531 474 Euclidem
554 438 678 482 ipsum
704 449 766 474 eas
792 438 832 473 in
857 439 926 474 hoc
950 438 1079 474 libello
1105 437 1282 473 adhibere
1307 448 1383 471 non

7 492 79 529 ³sit
101 492 200 537 quod
225 491 413 526 miremur.
457 492 557 537 quod
584 493 711 527 autem
737 491 910 537 Tannery
933 491 1092 536 probare
1118 491 1260 534 studet,
1292 489 1382 524 Era-

6 545 209 582 'tosthenis
236 545 351 580 aetati
376 546 470 580 duas
496 545 703 590 postremas
728 545 1003 591 propositiones
1023 545 1162 587 deberi,
1189 545 1227 580 et
1247 542 1383 579 doctri-

4 609 7 636 }
28 609 114 636 nam
130 599 201 633 viri
221 598 468 634 sollertissimi
488 598 652 634 admiror
670 609 792 643 neque
811 599 954 644 ignoro,
974 597 1039 635 τὸν
1056 597 1272 634 πένταθλον
1289 596 1384 632 haec

0 692 1 696 ,
28 663 173 700 quoque
202 653 329 688 studia
354 652 570 698 amplexum
595 664 692 695 esse,
725 652 790 687 sed
821 663 896 688 non
920 652 1036 698 probe
1062 651 1260 697 intellego,
1291 650 1384 695 quid

27 703 219 751 impediat,
245 706 442 751 quominus
462 705 630 741 Euclidis
651 706 768 741 aetati
794 707 908 750 atque
933 707 1026 741 adeo
1046 705 1196 740 Euclidi
1220 704 1295 749 ipsi
1320 714 1384 739 eas

30 759 236 798 adscribere
255 759 377 795 liceat.
385 759 410 805 ²)
449 759 556 804 adde,
583 760 695 804 quod,
722 759 754 794 si
778 760 1054 805 propositiones
1080 759 1166 794 illas
1186 758 1298 804 longe
1317 757 1384 792 alii

2 831 3 834 =
23 812 144 868 >etati
169 813 409 848 tribuerimus
430 815 543 859 atque
563 824 639 857 eas,
665 824 763 857 quae
782 813 1019 858 antecedunt,
1045 813 1244 858 caputque,
1269 813 1312 847 ut
1331 811 1385 846 ait

21 863 150 1119 ἕπει,
175 866 442 902 absciderimus
469 867 592 902 calido
616 867 837 912 viventeque
862 868 1006 911 trunco,
1031 866 1072 901 id
1092 867 1193 911 quod
1211 866 1385 910 Tannery

0 919 23 953 ’ἶ
68 930 106 955 se
125 930 273 964 quoque
296 921 500 956 secundum
525 931 631 956 suam
651 920 804 965 quidem
823 931 977 956 causam
1001 920 1155 965 prof‚ert
1181 920 1384 954 absurdum

0 984 2 1003 ;
67 974 85 1008 t
107 973 309 1008 inscribere
335 973 543 1009 Sectionem
570 974 732 1010 canonis.
778 974 883 1009 aliud
910 974 1071 1019 denique
1096 973 1257 1018 aliquid,
1285 973 1384 1018 quod

19 1043 21 1045 ¹
59 1037 199 1072 annery
225 1027 272 1062 ad
304 1027 518 1072 opinionem
549 1039 654 1063 suam
686 1028 954 1063 stabiliendam
980 1028 1193 1071 adseverat,
1224 1026 1385 1061 multum

77 1081 141 1116 bet
166 1080 424 1116 dubitationis.
467 1081 507 1116 in
533 1081 852 1117 demonstratione
883 1081 982 1116 enim
1015 1080 1284 1126 propositionis
1309 1080 1384 1125 xa)

26 1123 194 1177 ἙιωΙίᾱίει
221 1144 382 1170 errorem
401 1135 604 1170 arbitratur
623 1146 661 1170 se
682 1135 973 1180 deprehendisse
1000 1136 1113 1179 atque
1133 1146 1217 1169 eum
1237 1134 1292 1169 ait
1317 1145 1384 1179 pro

26 1187 216 1243 postulato
237 1188 400 1232 quodam
418 1188 601 1233 prooemii
625 1188 736 1223 huius
758 1188 943 1249 postulati
969 1188 1188 1223 adhibuisse
1207 1187 1384 1223 inversio-

26 1252 123 1291 pem,
149 1252 245 1286 quae
269 1241 381 1287 plane
407 1244 505 1277 esset
529 1242 702 1277 absurda.
742 1242 842 1287 quod
869 1242 900 1277 si
921 1242 968 1277 ad
989 1241 1102 1277 verba
1126 1254 1161 1288 p.
1179 1244 1317 1285 170,23
1329 1253 1384 1286 sq.

27 1296 68 1339 'et
90 1307 126 1340 p.
142 1298 221 1338 158,
235 1298 279 1330 29
291 1306 370 1340 sqq.
389 1295 625 1331 referendum
645 1297 713 1338 est,
738 1295 871 1339 fateor,
897 1306 1058 1331 errorem
1078 1297 1116 1331 et
1138 1294 1385 1330 inversionem

25 1346 132 1387 illam
169 1359 228 1383 me
266 1360 339 1384 non
375 1349 538 1394 reperire
572 1350 611 1384 et
644 1349 838 1385 Euclidem
873 1349 968 1384 mihi
1003 1349 1121 1384 videri
1159 1349 1385 1384 conclusisse

25 1402 243 1445 ''sectissime

24 1438 42 1489 1
87 1455 260 1502 populari
284 1456 422 1491 illustri
446 1467 520 1492 non
546 1456 626 1492 sine
651 1456 837 1492 modestia
861 1459 901 1492 et
919 1457 1144 1492 verecundia
1166 1456 1386 1492 adversatur

24 1499 111 1563 {Chia
130 1509 171 1544 E.
191 1509 342 1553 Ruelle,
366 1509 491 1545 Revue
518 1510 582 1545 des
609 1511 656 1545 et.
679 1509 738 1546 Gr
759 1510 843 1545 XIX
869 1512 990 1557 (1906)
1013 1523 1049 1556 p.
1071 1514 1140 1545 318
1154 1522 1235 1555 sqq.
1271 1511 1386 1554 atque

8 1566 10 1568 ’
54 1563 293 1598 actoritatem
305 1563 485 1606 Euclidis,
503 1563 564 1599 cui
582 1563 705 1609 ipsum
720 1564 952 1608 prooemium
966 1564 1170 1599 attribuere
1186 1575 1262 1599 non
1278 1563 1385 1598 dubi—

21 1617 98 1716 gl,t
116 1616 172 1652 ita
192 1616 371 1662 defendit,
391 1618 433 1651 ut
451 1616 571 1652 libelli
591 1618 805 1653 summatim
825 1618 988 1664 explicet
1007 1619 1281 1664 argumentum.
1311 1628 1387 1661 qua

21 1643 182 1716 Quidem
207 1670 468 1716 explicatione,
494 1670 665 1715 quamvis
690 1672 890 1717 perspicua
915 1671 965 1706 sit
990 1672 1029 1706 et
1053 1670 1233 1713 dilucida,
1258 1671 1386 1706 tamen

3 1712 103 1766 ⁴{non
133 1723 258 1767 video,
293 1723 478 1769 quomodo
509 1723 684 1770 Tannery
714 1724 837 1759 refelli
869 1724 1075 1759 censendus
1109 1724 1169 1758 sit.
1217 1725 1255 1758 et
1286 1723 1386 1767 quod

65 1777 161 1812 uelle
191 1789 232 1812 111
256 1777 328 1812 fine
356 1777 618 1823 explicationis
644 1777 755 1823 dicit,
787 1788 904 1823 genus
931 1777 1187 1813 enarmonium
1212 1778 1251 1812 et
1281 1777 1385 1812 chro-

4 1768 210 1912 {ffaticum
236 1830 410 1866 similiter
434 1831 591 1866 tractari
615 1842 725 1877 posse
751 1833 865 1877 atque
891 1831 1138 1876 diatonicum,
1163 1841 1308 1875 vereor,
1339 1841 1386 1865 ne

31 1894 86 1918 vn·
104 1883 413 1930 diligentissimus
439 1884 704 1920 difficultatem
727 1885 848 1931 magis
873 1885 1112 1930 praeteriisse
1138 1895 1252 1930 quam
1278 1895 1386 1944 supe-

3 1928 131 2032 33:³0
154 1938 325 1974 videatur
349 1949 442 1974 neve
469 1939 697 1974 contrarium
729 1939 825 1974 illud
857 1939 912 1973 ita
944 1951 1018 1974 non
1049 1938 1207 1973 tollatur
1232 1939 1299 1973 aut
1329 1937 1386 1972 in-

107 1993 228 2037 gatur.

0 2036 31 2153 {¹
93 2113 127 2156 1)
146 2110 190 2146 V.
209 2110 416 2157 Heibergl.
434 2122 464 2146 c.
484 2123 520 2156 p.
536 2115 580 2146 53
603 2113 679 2147 not.
696 2116 715 2146 2
738 2114 779 2147 'et
802 2124 839 2156 p.
855 2116 934 2155 161,
957 2115 1022 2146 171
1044 2111 1155 2146 huius
1175 2109 1386 2146 voluminis.

0 2148 69 2265 {ivi
92 2163 396 2247 2)tNu1{10roru1p
422 2164 632 2247 doctriiligalm
657 2164 732 2247 imp
759 2165 1099 2248 antelssuclissltp—
1086 2163 1220 2247 mlx-{1121
1223 2164 1386 2246 qutadgm

18 2217 996 2305 iegeengxigrssioafggfienboncits'ispeliigffvmfleiblezg
1021 2259 1044 2294 l.
1067 2271 1096 2294 c
1120 2272 1156 2304 p.
1172 2222 1307 2302 3322.a
1350 2222 1387 2244 m

19 2312 23 2318 ’
94 2313 128 2357 3)
153 2311 187 2347 Π
211 2312 312 2358 apud
337 2313 588 2358 Tanneryium
614 2324 715 2349 error
740 2315 797 2350 est
821 2313 1061 2359 typographi
