1456 2456
28 797 69 828 10

26 1135 67 1166 15

24 1455 67 1485 20

98 107 151 149 10
602 111 908 145 ΦΑΙΝΟΜΕΝΛ

94 216 376 269 παραγίνεται
412 215 438 270 ἢ
472 214 547 270 ἀφ’
579 215 855 270 οὑδηποτοῦν
891 219 1024 260 τόπου
1062 217 1132 260 ἐπὶ
1169 219 1247 260 τὸν
1284 219 1416 262 αὐτὸν

93 280 240 321 τόπον.

153 343 361 398 ἐξαλλαγὴ
410 345 681 400 περιφερείας
724 351 916 401 φανεροῦ
958 346 1243 403 ἡμισφαιρίου
1286 346 1416 402 ἐστίν,

93 407 199 449 ὅταν
223 413 300 449 τοῦ
319 407 651 463 προηγουμένου
672 410 850 462 σημείου
869 416 944 464 τῆς
962 412 1236 465 περιφερείας
1256 410 1324 453 ἐπὶ
1342 418 1417 466 τῆς

94 470 304 524 ἀνατολῆς
329 473 455 522 ὄντος
479 473 526 513 τὸ
547 472 758 526 ἑπόμενον
777 473 1005 515 ἀνατεῖλαν
1023 473 1094 515 καὶ
1114 476 1294 516 διελθὸν
1314 475 1417 518 ὅλον

93 536 141 576 τὸ
167 533 276 590 ὑπὲρ
301 542 385 589 γῆν
409 536 695 590 ἡμισφαίριον
721 535 788 578 ἐπὶ
813 543 888 591 τῆς
908 538 1072 587 δύσεως
1090 537 1281 593 γένηται·
1308 539 1417 593 ἀφα-

93 604 199 648 νοῦς
230 598 296 653 δέ,
329 599 434 641 ὅταν
463 606 542 641 τοῦ
574 599 905 655 προηγουμένου
937 603 1114 656 σημείου
1145 608 1219 656 τῆς
1243 616 1418 658 περιφεέ

95 665 212 717 ρείας
237 662 305 705 ἐπὶ
332 670 406 717 τῆς
432 665 597 714 δύσεως
616 665 742 714 ὄντος
760 665 807 706 τὸ
829 664 1038 718 ἑπόμενον
1058 667 1198 708 δῦναν
1215 665 1285 708 καὶ
1306 667 1417 709 διελ-

92 729 180 769 θὸν
205 727 309 770 ὅλον
334 729 382 770 τὸ
406 728 491 770 ὑπὸ
520 734 603 782 γῆν
628 729 914 785 ἡμισφαίριον
939 728 1008 771 ἐπὶ
1028 737 1101 784 τῆς
1121 729 1330 785 ἀνατολῆς
1349 730 1416 784 γέ-

95 807 231 846 νηται.
762 850 773 864 Ι

734 867 760 892 α
776 884 784 892 .

147 931 206 974 ‘H
231 938 285 986 γῆ
318 931 365 973 ἐν
388 931 503 989 μέσῳ
528 936 589 989 τῷ
612 933 758 989 κόσμῳ
785 931 874 973 ἐστὶ
898 932 969 974 καὶ
994 932 1175 988 κέντρου
1200 932 1322 983 τάξιν
1347 933 1412 976 ε’π-

93 995 179 1051 έχει
203 997 311 1052 πρὸς
335 997 412 1038 τὸν
436 998 612 1050 κόσμον.

151 1058 259 1102 ἔστω
291 1060 339 1103 ἐν
363 1062 507 1117 κόσμῳ
533 1060 687 1115 ὁρίζων
713 1060 735 1102 ὁ
762 1063 855 1115 AB,
887 1067 939 1115 γῆ
967 1059 1014 1103 δὲ
1039 1061 1218 1116 ἡμετέρα
1244 1064 1361 1116 ὄψις,
1392 1064 1417 1117 ἡ

94 1125 201 1179 πρὸς
227 1129 287 1182 τῷ
305 1128 348 1166 Δ
375 1126 548 1181 σημείῳ,
573 1123 644 1166 καὶ
672 1123 778 1166 ἔστω
805 1125 1037 1167 ἀνατολικὰ
1061 1123 1142 1178 μὲν
1165 1126 1271 1181 μέρη
1297 1127 1348 1168 τὰ
1369 1129 1417 1180 Γ,

94 1189 249 1230 δυτικὰ
275 1187 321 1231 δὲ
347 1189 399 1230 τὰ
417 1194 468 1242 A,
494 1189 566 1230 καὶ
590 1191 882 1243 τεθεωρήσθω
909 1190 980 1231 διὰ
1000 1190 1204 1245 διόπτρας
1221 1190 1419 1244 κειμένης

92 1254 201 1308 πρὸς
225 1258 284 1309 τῷ
309 1257 352 1295 Δ
379 1255 538 1309 σημείῳ
564 1255 784 1307 Καρκίνος
809 1253 1055 1295 ἀνατέλλων
1080 1254 1186 1295 κατὰ
1211 1255 1257 1295 τὸ
1285 1256 1326 1295 Γ
1345 1265 1418 1308 ση-

92 1324 232 1370 μεῖον·
275 1319 604 1373 θεωρηθήσεται
637 1318 720 1371 ἄρα
752 1318 824 1358 διὰ
850 1323 924 1370 τῆς
949 1317 1080 1372 αὐτῆς
1111 1318 1314 1373 διόπτρας
1340 1320 1417 1359 Αί-

93 1383 281 1437 γόκερως
318 1382 480 1442 δυνων·
521 1384 778 1436 θεωρείσθω
815 1382 922 1423 κατὰ
958 1384 1006 1424 τὸ
1038 1384 1079 1423 Α
1111 1388 1298 1436 σημεῖον.
1347 1381 1417 1424 καὶ

93 1445 185 1488 ἐπεὶ
209 1447 261 1487 τὰ
287 1450 342 1500 A,
367 1449 423 1500 A,
451 1447 492 1487 Γ
517 1452 668 1500 σημεῖα
701 1446 772 1487 διὰ
805 1447 1008 1500 διόπτρας
1038 1446 1318 1501 τεθεώρηται,
1350 1447 1417 1488 εὐ-

94 1510 196 1552 θεῖά
221 1509 342 1552 ἐστιν
366 1510 392 1564 ἡ
419 1511 492 1551 διὰ
516 1517 604 1551 τῶν
631 1514 683 1562 Α,
705 1514 759 1563 Δ,
781 1511 826 1551 Γ.
859 1510 968 1551 ὥστε
991 1510 1017 1563 ἡ
1044 1512 1172 1551 ΑΔΓ
1191 1510 1418 1564 διάμετρός

93 1572 183 1616 ἐστι
217 1580 291 1628 τῆς
325 1589 370 1616 τε
404 1581 491 1616 τῶν
524 1572 728 1615 ἀπλανῶν
763 1575 949 1628 σφαίρας
982 1574 1052 1615 καὶ
1083 1580 1161 1615 τοῦ
1193 1575 1417 1628 ζῳδιακοῦ,

93 1637 322 1693 ἐπειδήπερ
360 1644 438 1680 τοῦ
477 1639 687 1695 ζῳδιακοῦ
725 1635 832 1692 ὑπὲρ
870 1638 947 1679 τὸν
985 1637 1181 1691 ὁρίζοντα
1218 1638 1260 1687 ’ἐξ
1291 1638 1417 1694 ζῴδια

93 1701 333 1757 ἀποτέμνει.
369 1703 502 1744 πάλιν
527 1703 579 1756 δὴ
605 1701 968 1756 μετακινηθέντος
987 1708 1064 1743 τοῦ
1083 1717 1129 1743 τε
1147 1708 1235 1743 τῶν
1254 1703 1418 1758 ζῳδίων

91 1762 906 1816 ΜΪἘῖηἶνὲῇ
915 1762 1099 1804 >νΪὲιῖιΪίοΙῘ
1106 1762 1182 1806 ’ἷιῖ
1196 1762 1329 1804 iob-&ff
1341 1763 1416 1806 {14}

94 1816 305 1861 ἐναλλαγήν.
355 1815 429 1852 ἐστί
448 1817 490 1852 V.
539 1820 570 1851 4.
597 1815 883 1861 προηγουμένου
907 1828 940 1860 V,
966 1816 1030 1851 sed
1055 1827 1161 1858 eorr.;
1187 1816 1274 1850 item
1299 1816 1363 1851 lin.
1386 1821 1415 1852 9.

94 1867 124 1898 5.
153 1863 273 1910 ὄντος]
300 1861 406 1904 οὗτος
429 1875 461 1898 v.
501 1861 599 1909 ὅλον]
621 1862 705 1899 ὅλου
726 1862 798 1898 vv‘.
886 1867 916 1897 6.
943 1861 1000 1909 τό]
1021 1873 1109 1897 corr.
1129 1874 1172 1897 ex
1190 1861 1254 1899 τόν
1274 1866 1416 1907 (comp.)

92 1922 138 1944 m.
166 1914 185 1943 2
212 1910 253 1944 V.
305 1913 335 1944 8.
363 1909 513 1956 δύσεως]
540 1921 558 1944 e
585 1921 673 1944 corr.
695 1922 741 1944 m.
764 1913 781 1944 1
802 1910 843 1944 V.
888 1908 992 1949 ὄντος
1015 1907 1055 1944 τὸ
1081 1908 1259 1954 ἑπόμενον
1285 1910 1417 1956 δῦναν]

93 1956 130 1990 in
155 1966 223 1991 ras.
250 1968 282 1991 v.
338 1957 472 2002 δῦναν]
499 1967 587 1991 corr.
615 1967 658 1990 ex
684 1957 880 1991 ἀνατεῖλαν
904 1968 951 1991 m.
979 1960 996 1990 1
1023 1956 1064 1990 V.
1161 1960 1192 1990 9.
1218 1954 1260 1991 τὸ
1286 1956 1372 2002 ὑπό]
1399 1967 1418 1990 e

93 2015 182 2038 corr.
208 2015 255 2037 m.
284 2007 300 2037 1
328 2004 370 2038 V.
445 2007 498 2038 14.
524 2003 602 2048 ΑΒ]
629 2015 648 2037 e
674 2014 763 2038 corr.
790 2003 831 2038 V.
881 2007 926 2047 γῆ
952 2001 1008 2048 δέ]
1040 2013 1128 2037 corr.
1155 2013 1198 2036 ex
1223 2007 1267 2047 γῆ
1285 2002 1346 2046 155,
1371 2004 1416 2047 ἐφ

92 2049 138 2095 ἤν
163 2061 209 2085 m.
239 2054 256 2084 1
283 2049 324 2084 V.
374 2050 471 2084 Ante
495 2049 650 2094 ἡμετέρα
676 2050 760 2084 add.
785 2049 808 2094 ἡ
833 2060 879 2084 m.
907 2053 926 2083 2
952 2049 994 2084 V.
1058 2052 1110 2083 15.
1136 2047 1213 2094 μέν]
1240 2060 1309 2084 om.
1336 2059 1368 2084 a.

95 2099 147 2131 19.
173 2094 401 2140 θεωρείσθω]
421 2096 626 2140 θεωρήσθω
653 2095 730 2138 vv‘3
755 2094 999 2139 τεθεωρήσθω
1020 2095 1100 2130 Vat.
1126 2098 1168 2130 ut
1193 2107 1226 2140 p.
1244 2099 1284 2130 12
1305 2095 1367 2130 lin.
1384 2100 1414 2130 4.

91 2143 139 2189 Α]
164 2142 203 2176 in
228 2153 296 2177 ras.
323 2142 365 2177 V.
439 2146 493 2177 20.
521 2146 554 2177 Δ
579 2153 667 2177 eras.
694 2144 774 2178 Vat.
831 2142 917 2177 Post
939 2143 1165 2186 τεθεώρηται
1189 2142 1271 2176 add.
1297 2147 1360 2187 τῆς
1383 2146 1416 2176 Λ

92 2201 137 2224 m.
165 2193 184 2223 2
211 2190 301 2234 Vat.‚
328 2189 417 2223 item
443 2201 477 2233 p.
501 2193 542 2223 12
568 2188 630 2224 lin.
651 2193 682 2224 4.
798 2192 851 2223 21.
877 2189 915 2234 ἡ]
941 2199 1010 2223 om.
1036 2189 1130 2231 Vat..
1155 2188 1238 2223 add.
1263 2200 1310 2223 m.
1338 2193 1368 2223 2.

91 2235 195 2282 ὥστε]
221 2235 307 2271 ἔστω
332 2236 355 2281 ἡ
380 2238 448 2270 ΑΔ
458 2238 496 2270 Γ.
523 2234 686 2281 φανερὸν
711 2234 769 2280 δή,
795 2233 849 2271 ὅτι
873 2235 953 2270 Vat.
1033 2239 1086 2270 22.
1113 2236 1304 2281 ζῳδιακοῦ]
1331 2234 1414 2269 add.

93 2283 228 2335 κύκλου
252 2294 299 2318 m.
327 2286 347 2317 2
373 2281 454 2317 Vat.
527 2282 792 2335 §nscdfimpr—
819 2285 873 2316 24.
900 2280 1106 2326 ἀποτέμνει]
1141 2281 1222 2316 fort.
1250 2281 1413 2316 delenda.

123 2334 272 2376 'Verba
296 2341 433 2386 figurae
459 2334 654 2384 adeofipta'
669 2333 815 2385 habTV,
841 2351 911 2376 om.
932 2340 1011 2375 Vnt.
