1494 2450
491 54 656 91 SEOTIO
684 53 894 91 CANONIS
1291 51 1314 94 1
1321 52 1343 94 7
1351 51 1378 94 3

661 223 733 267 XI.

45 324 54 360 Ξ
81 321 358 365 Diatessaron
382 320 656 364 intervallum
684 322 727 362 et
753 319 951 376 diapente
977 321 1207 374 utrumque
1233 332 1378 374 super-

18 387 277 445 particulare
302 389 377 430 est.

362 467 463 494 nam
490 452 547 495 sit
571 454 669 495 nete
689 465 995 508 synemmenon
1018 455 1070 503 A,
1097 464 1212 492 mese
1232 452 1376 492 autem

18 514 70 556 Τ
306 521 355 574 B,
386 518 546 574 hypate
571 532 672 560 vero
698 532 849 559 meson
877 519 922 559 Γ.
973 518 1061 559 ΑΓ
1086 516 1222 572 igitur
1247 515 1377 558 inter-

52 593 54 595 ’
118 587 155 626 Β
307 586 479 639 vanum,
515 583 631 638 quod
657 586 721 625 est
745 583 813 624 bis
840 582 1119 636 diatessaron,
1151 581 1376 623 dissonans

174 659 216 698 A
306 652 388 705 est3
415 663 545 705 quare
570 664 657 691 non
684 651 749 691 est
774 648 1014 703 multiplex.
1059 647 1145 690 iam
1172 647 1376 702 quoniam

306 715 390 758 duo
416 716 642 757 intervalla
667 714 863 769 aequalia
890 718 932 756 A
940 717 998 768 B,
1025 716 1118 756 ΒΓ
1137 713 1377 770 composita

305 783 446 824 totum
471 795 556 823 non
583 780 776 822 efficiunt
801 779 1030 835 multiplex
1059 779 1199 835 [prop.
1220 779 1297 834 VJ,
1322 793 1376 822 ne

27 867 68 897 ις
103 857 151 903 ιβ
191 859 222 892 θ
307 849 388 889 ΑΒ
417 846 587 902 quidem
608 845 838 901 multiplex
859 847 935 887 est.
969 847 1011 887 et
1031 847 1096 887 est
1115 859 1377 898 consonans3

305 926 407 969 ergo
443 911 840 967 superparticulare.
885 911 1032 953 eadem
1068 910 1376 953 demonstratio

26 979 88 1028 est
111 977 240 1020 etiam
267 977 311 1019 in
338 977 547 1033 diapente.

38 1071 60 1093 f„

30 1139 51 1166 ,
648 1114 744 1157 XII.

36 1230 49 1258 ³:
82 1210 298 1266 Diapason
324 1211 600 1254 intervallum
626 1210 806 1266 duplum
832 1212 908 1252 est.

81 1291 179 1319 nam
217 1276 618 1331 demonstravimus,
662 1275 890 1331 multiplex
927 1275 971 1318 id
1010 1290 1102 1318 esse
1143 1275 1281 1331 [prop.
1302 1275 1373 1331 X].

27 1335 173 1400 Itaque
199 1345 273 1384 aut
298 1342 475 1397 duplum
502 1345 566 1384 est
590 1344 666 1384 aut
690 1341 828 1383 maius
855 1356 983 1396 quam
1004 1340 1196 1396 duplum.
1228 1355 1377 1384 verum

28 1408 230 1467 quoniam,
258 1408 657 1462 demonstravimus,
689 1407 962 1449 intervallum
990 1407 1170 1462 duplum
1196 1421 1247 1449 ex
1273 1407 1377 1450 duo-

26 1468 103 1523 bis
144 1473 345 1515 maximis
382 1472 843 1528 superparticularibus
881 1475 1077 1515 constare
1116 1473 1258 1529 [prop.
1283 1472 1378 1529 VI],

27 1527 87 1597 &a
114 1541 174 1594 ut,
206 1539 242 1581 si
272 1539 478 1595 diapason
513 1539 648 1581 maius
681 1538 763 1580 erit
789 1553 916 1593 quam
944 1538 1137 1593 duplum,
1167 1553 1256 1581 non
1282 1554 1379 1581 con-

28 1591 108 1663 &et
138 1618 190 1646 ex
221 1604 387 1647 duobus
420 1604 524 1647 solis
550 1604 1029 1660 superparticularibuS,
1061 1604 1135 1645 sed
1166 1619 1218 1646 ex
1248 1604 1379 1659 pluri-

50 1683 187 1725 s,-—
205 1673 374 1713 constat
392 1686 493 1713 vero
514 1684 565 1712 ex
585 1670 752 1712 duobus
771 1669 1011 1712 intervallis
1031 1670 1380 1725 consonantibus,

113 1735 310 1791 diapente
347 1739 389 1778 et
426 1735 708 1790 diatessaron,
752 1734 958 1790 diapason
996 1749 1082 1777 non
1121 1735 1204 1777 erit
1239 1735 1378 1778 maius

6 1806 153 1853 ,jam
179 1801 368 1857 duplum,
393 1816 495 1858 ergo
523 1801 712 1856 duplum.

17 1879 21 1898 ³
50 1898 61 1922 3
83 1867 157 1909 sed
179 1867 383 1922 quoniam
403 1867 612 1923 diapason
632 1866 811 1922 duplum
831 1869 909 1922 est,
933 1867 1212 1909 intervallum
1233 1873 1377 1909 autem

8 1935 34 1986 ζ
54 1950 72 1968 ιι
81 1931 200 1988 plum
226 1947 279 1974 ex
303 1933 471 1975 duobus
498 1932 698 1974 maximis
725 1931 1187 1988 superparticularibus
1209 1936 1380 1975 constat

9 1989 51 2056 ἶΔ
60 2011 164 2053 rop.
186 1997 265 2054 VI]
275 2033 286 2054 ,
320 1998 451 2040 etiam
487 1998 693 2054 diapason
728 2013 780 2040 ex
815 1997 1066 2040 intervallis
1091 1999 1379 2052 sesquealtero

30 2059 59 2116 ,Ϊᾲ
93 2063 375 2119 sesquetertio
402 2067 584 2118 constat,
608 2078 707 2106 nam
735 2064 840 2106 haec
865 2062 1051 2106 maxima
1070 2065 1183 2118 sunt,
1209 2067 1380 2106 constat

0 2147 1 2152 ¹
31 2124 166 2183 ‘Jf'rtem
207 2143 259 2170 ex
297 2128 495 2184 diapente
534 2132 577 2171 et
615 2129 909 2183 diatessaron,
950 2143 1059 2185 quae
1098 2132 1199 2171 sunt
1236 2144 1381 2185 super-

6 2193 34 2226 ·,'
53 2210 70 2234 ,κ
125 2193 298 2236 ‘cularia
323 2194 463 2250 [prop.
488 2193 581 2250 X1].
632 2209 734 2252 ergo
761 2195 982 2251 diapente,
1014 2194 1116 2250 quia
1140 2197 1205 2237 est
1229 2195 1381 2251 maius,

8 2259 360 2314 <1quea1terum
385 2262 463 2316 est,
489 2259 753 2303 diatessaron
777 2275 879 2302 vero
907 2260 1248 2316 sesquetertium.
