1494 2450
151 92 232 134 128
687 93 927 130 APPENDIX

145 198 269 242 ἐστιν
296 203 378 254 ἴση.
409 200 481 242 καὶ
506 199 593 243 ἐπεὶ
622 200 670 243 ἐν
695 197 730 257 ᾦ
749 203 890 258 χρόνῳ
910 203 936 256 ἡ
956 206 1001 244 Π
1009 205 1047 244 Ρ
1061 204 1197 257 δύνει,
1221 204 1248 259 ἡ
1270 208 1354 247 ΖΗ
1365 200 1467 262 ἄναξ

146 262 300 317 τέλλει,
325 265 471 314 κοινὸς
495 266 770 320 προσκείσθω
796 265 819 307 ὁ
845 268 1015 321 χρόνος,
1039 266 1089 309 ἐν
1107 263 1141 325 ᾧ
1156 269 1204 311 τὸ
1225 272 1276 310 Π
1291 268 1467 325 σημεῖοᾷ

146 327 226 381 τὴν
252 330 333 370 ΚΛ
357 328 638 385 περιφέρειαν
662 330 984 385 διαπορεύεται,
1018 335 1110 381 ἴσος
1140 330 1203 374 ὢν
1232 338 1290 390 τῷ
1311 332 1467 394 χρόνῳῃ

145 390 194 433 ὲν
224 408 258 448 ῳ
289 392 337 433 τὸ
366 395 401 434 Ζ
432 402 611 446 σημεῖον
634 395 715 446 τὴν
739 395 822 436 ΚΛ
850 394 1132 449 περιφέρειαν
1156 396 1466 475 διαπορεύεταιέ

100 466 119 496 5
146 454 168 497 ὁ
196 456 278 511 ἄρα
303 458 474 511 χρόνος,
499 454 548 499 ἐν
573 473 605 512 ῳ
632 457 680 499 τὸ
707 460 758 499 Π
777 464 955 511 σημεῖον
978 460 1058 513 τὴν
1082 461 1166 502 ΚΛ
1189 460 1465 516 περιφέρειαι

145 520 448 574 διαπορεύεται
472 520 543 562 καὶ
569 522 595 575 ἡ
616 525 663 563 Π
668 524 706 563 Ρ
727 522 864 576 δύνει,
891 526 982 572 ἴσος
1002 522 1092 565 ἐστὶ
1111 529 1170 581 τῷ
1184 526 1340 581 χρόνῳ,
1364 524 1413 568 ἐν
1428 515 1464 583 ᾗ

143 584 169 638 ἡ
198 586 283 626 ΖΗ
306 584 560 641 περιφέρεια
591 585 812 628 ἀνατέλλει
842 586 914 628 καὶ
938 588 985 628 τὸ
1016 590 1050 628 Ζ
1080 597 1259 643 σημεῖον
1283 590 1362 644 τὴν
1387 590 1463 644 ΚΑ

142 647 424 703 περιφέρειαν
450 649 764 704 διαπορεύεται.
807 650 908 692 ἀλλ’
934 650 956 692 ὁ
981 651 1062 705 μὲν
1086 654 1253 707 χρόνος,
1287 651 1334 695 ἓν
1358 648 1393 710 ᾦ
1416 654 1470 700 τὸι

143 714 193 753 Π
213 719 394 767 σημεῖον
417 713 497 767 τὴν
517 715 600 755 ΚΛ
624 713 905 769 περιφέρειαν
925 715 1226 770 διαπορεύεται
1245 716 1316 758 καὶ
1334 717 1360 772 ἡ
1381 717 1468 762 ΠΡ

75 772 116 818 ’10
144 776 280 830 δύνει,
300 775 322 818 ὁ
343 778 499 831 χρόνος
518 776 685 832 ἐστίν,’
669 793 719 819 εν
738 772 771 835 ᾧ
791 778 817 832 ἡ
838 781 928 820 ΠΡ
943 777 1186 829 εξαλλάττει
1205 781 1253 822 τὸ
1273 782 1462 838 φανερὸν

141 840 449 919 ἡμισφαιριον·
495 841 516 883 ὁ
550 841 598 883 δὲ
628 843 805 897 χρόνος,
837 841 886 885 ἐν
916 858 950 899 ῳ
976 843 1002 897 ἡ
1031 846 1125 886 ΖΗ
1149 844 1369 888 ἀνατέλλει
1394 844 1471 898 noch

139 906 188 946 τὸ
212 907 247 946 Ζ
273 912 452 959 σημεῖον
476 906 555 959 τὴν
574 907 657 947 ΚΛ
680 907 961 962 περιφέρειαν
987 908 1299 962 διαπορεύεται,
1324 909 1346 951 ὁ
1371 911 1463 965 χρό-

139 984 216 1018 νος
248 966 380 1022 εστίν,
412 968 460 1011 ἐν
484 986 517 1026 ῳ
543 969 569 1023 ἡ
598 972 682 1011 ΖΗ
700 969 944 1020 εξαλλάττει
969 972 1016 1013 τὸ
1042 973 1235 1027 φανερὸν
1259 973 1461 1028 ἡμισφαί-

141 1046 262 1087 ριον·
305 1034 349 1074 αὶ
378 1035 484 1086 ΖΗ,
510 1036 560 1075 Π
563 1036 601 1074 Ρ
628 1034 711 1089 ἄρα
734 1032 784 1076 ἐν
811 1038 889 1091 ἴσῳ
914 1036 1056 1092 χρόνῳ
1081 1034 1391 1086 ἐξαλλάσσουσι
1414 1037 1466 1080 τὸ·
1493 1055 1494 1062 ¹

72 1108 114 1138 15
140 1097 335 1151 φανερὸν
359 1097 654 1152 ἡμισφαίριον.
705 1098 863 1152 ὁμοίως
894 1100 947 1152 δὴ
978 1098 1188 1154 δείξομεν,
1226 1101 1292 1143 ὅτι
1321 1102 1390 1144 καὶ
1419 1101 1467 1154 αἱ,
1493 1102 1494 1127 5

131 1163 241 1214 ΗΘ,
267 1163 353 1202 ΡΣ
380 1160 427 1203 ἓν
461 1166 537 1218 ἴσῳ
569 1164 711 1219 χρόνῳ
744 1161 1054 1212 Ξεξαλλάσσουσι
1079 1164 1126 1206 τὸ
1154 1166 1348 1219 φανερὸν
1371 1165 1469 1220 ἧμιν
1492 1160 1494 1201 5

139 1226 369 1301 σφαίριον.
400 1224 427 1279 ἡ
453 1223 501 1267 δὲ
527 1228 618 1267 ΠΡ
637 1231 711 1279 τῆς
730 1228 817 1267 ΡΣ
836 1223 885 1269 ἐν
909 1229 1077 1269 πλείονι
1102 1229 1244 1285 χρόνῳ
1271 1227 1461 1279 ὲξαλλάτ·
1491 1234 1494 1266 5

137 1303 200 1330 τει
225 1289 273 1330 τὸ
299 1290 491 1344 φανερὸν
518 1289 819 1345 ἡμισφαίριον,
850 1289 921 1332 καὶ
948 1290 1269 1347 ἀπεδείχθησαν
1293 1293 1337 1335 αἱ
1364 1295 1465 1344 ΖΗ,
1491 1297 1494 1350 1

139 1355 230 1394 ΠΡ
256 1351 305 1395 ἓν
329 1353 409 1409 ἴσῳ
435 1355 577 1410 χρόνῳ
602 1352 942 1404 ἐξαλλάσσουσαι
969 1355 1015 1397 τὸ
1042 1358 1236 1410 φανερὸν
1259 1357 1462 1411 ἡμισφαί-
1491 1362 1494 1406 5

68 1428 112 1459 20
137 1429 259 1471 ριον·
307 1416 378 1458 καὶ
408 1418 435 1471 ἡ
463 1419 547 1459 ΖΗ
575 1418 658 1473 ἄρα
691 1415 739 1460 ὲν
773 1420 939 1460 πλείονι
971 1420 1109 1476 χρόνῳ
1141 1419 1381 1470 ἑξαλλαττει
1411 1421 1494 1464 τὸ.

137 1481 331 1535 φανερὸν
354 1481 641 1536 ἡμισφαίριον
665 1484 773 1537 ἥπερ
799 1483 826 1537 ἡ
843 1485 944 1524 ΗΘ.
1490 1486 1494 1533 Ι

194 1550 272 1586 τοῦ
304 1546 387 1599 ἄρα
411 1552 499 1587 τῶν
524 1546 690 1602 ζῳδιων
714 1547 876 1588 κύκλου
904 1548 948 1588 αἱ
975 1551 1063 1589 ἰσαι
1088 1548 1357 1603 περιφέρειαι
1381 1542 1468 1598 οὐκξ,
1489 1543 1494 1599 5

136 1607 185 1650 ὲν
220 1613 298 1665 ἴσῳ
333 1610 475 1665 χρόνῳ
511 1606 822 1660 ἒξαλλάσσουσι
857 1612 905 1653 τὸ
938 1612 1131 1666 φανερὸν
1160 1602 1494 1694 vjm6mm'43wv55

136 1672 236 1714 ἀλλ’
250 1671 299 1715 ὲν
322 1674 490 1715 πλείονι
509 1674 535 1728 ἡ
554 1672 705 1728 ἔγγιον
723 1681 801 1716 τοῦ
821 1679 1004 1730 θερινοῦ
1025 1682 1233 1730 τροπικοῦ
1253 1682 1326 1731 τῆς
1345 1677 1461 1719 ἀπώ-
1469 1681 1494 1723 5

66 1750 109 1780 25
135 1752 272 1792 τερον.
323 1738 394 1779 καὶ
426 1738 828 1788 συναποδέδεικται,
864 1739 929 1781 ὅτι
961 1740 1004 1781 αἱ
1032 1744 1129 1782 ἴσον
1154 1739 1387 1795 ἀπέχουσαι
1413 1739 1461 1784 ἐν
1488 1733 1491 1771 5

137 1805 214 1858 ἴσῳ
240 1803 382 1858 χρόνῳ
408 1799 762 1852 εξαλλάσσουσιν.

780 1926 818 1966 4·
1464 1916 1494 1963 ‚15

628 2006 702 2048 Ad
732 2021 867 2061 prop.
903 2007 967 2050 15.

565 2085 757 2137 Ἄλλως
786 2088 843 2130 τὸ
875 2088 1016 2130 αὐτό.

64 2175 108 2205 30
199 2171 285 2210 Τοῦ
310 2175 397 2210 τῶν
422 2170 587 2224 ζῳδίων
612 2169 776 2211 κύκλου
801 2177 890 2211 τῶν
915 2173 1023 2212 ἴσων
1046 2185 1090 2212 τε
1109 2170 1180 2212 καὶ
1198 2169 1469 2223 οἰπεναντιόνΑ

132 2239 421 2287 περιφερειῶν
452 2232 499 2274 ἐν
530 2227 563 2289 ᾧ
589 2234 730 2289 χρόνῳ
762 2233 788 2287 ἡ
813 2234 889 2286 μία
914 2232 1161 2284 ἐξαλλάσσει
1191 2235 1239 2277 τὸ
1265 2228 1470 2301 φανερὸνῖ

192 2327 222 2357 θ,
249 2323 365 2369 δύνει]
399 2323 481 2358 add.
508 2335 554 2358 m.
577 2328 596 2358 2
623 2323 704 2360 vat.
755 2325 836 2368 Seq.
862 2324 899 2359 in
926 2324 1007 2360 Vnt.
1034 2325 1175 2360 scholia
1198 2337 1250 2361 nr.
1273 2329 1350 2370 12⁷,
1379 2303 1486 2370 12&ss
