<?xml version="1.0" encoding="UTF-8"?>
<!DOCTYPE html PUBLIC "-//W3C//DTD XHTML 1.0 Transitional//EN"
    "http://www.w3.org/TR/xhtml1/DTD/xhtml1-transitional.dtd">
<html xmlns="http://www.w3.org/1999/xhtml" xml:lang="en" lang="en">
 <head>
  <title>
</title>
<meta http-equiv="Content-Type" content="text/html;charset=utf-8" />
  <meta name='ocr-system' content='tesseract 3.04.00' />
  <meta name='ocr-capabilities' content='ocr_page ocr_carea ocr_par ocr_line ocrx_word'/>
</head>
<body>
  <div class='ocr_page' id='page_1' title='image "./euclidisoperaomn08eucluoft_0253.png"; bbox 0 0 1494 2450; ppageno 0'>
   <div class='ocr_carea' id='block_1_1' title="bbox 398 63 1400 106">
    <p class='ocr_par' dir='ltr' id='par_1_1' title="bbox 398 63 1400 106">
     <span class='ocr_line' id='line_1_1' title="bbox 398 63 1400 106; baseline 0.007 -6"><span class='ocrx_word' id='word_1_1' title='bbox 398 63 728 101; x_wconf 79' lang='lat' dir='ltr'>INTRODUCTIO</span> <span class='ocrx_word' id='word_1_2' title='bbox 754 63 1047 100; x_wconf 76' lang='lat' dir='ltr'>HARMONICA</span> <span class='ocrx_word' id='word_1_3' title='bbox 1315 63 1400 106; x_wconf 82' lang='lat'>195</span> 
     </span>
    </p>
   </div>
   <div class='ocr_carea' id='block_1_2' title="bbox 257 174 1116 1479">
    <p class='ocr_par' dir='ltr' id='par_1_2' title="bbox 257 174 926 349">
     <span class='ocr_line' id='line_1_2' title="bbox 257 174 926 218; baseline 0.001 -2"><span class='ocrx_word' id='word_1_4' title='bbox 257 174 452 218; x_wconf 84' lang='lat' dir='ltr'>lichanos</span> <span class='ocrx_word' id='word_1_5' title='bbox 478 189 626 218; x_wconf 87' lang='lat' dir='ltr'>meson</span> <span class='ocrx_word' id='word_1_6' title='bbox 653 174 926 217; x_wconf 85' lang='lat' dir='ltr'>enarmonios</span> 
     </span>
     <span class='ocr_line' id='line_1_3' title="bbox 257 239 915 284; baseline 0 -2"><span class='ocrx_word' id='word_1_7' title='bbox 257 239 453 284; x_wconf 89' lang='lat' dir='ltr'>lichanos</span> <span class='ocrx_word' id='word_1_8' title='bbox 478 254 628 283; x_wconf 87' lang='lat' dir='ltr'>meson</span> <span class='ocrx_word' id='word_1_9' title='bbox 654 240 915 283; x_wconf 78' lang='lat' dir='ltr'>chromatice</span> 
     </span>
     <span class='ocr_line' id='line_1_4' title="bbox 259 306 854 349; baseline 0 -1"><span class='ocrx_word' id='word_1_10' title='bbox 259 306 452 349; x_wconf 88' lang='lat' dir='ltr'>lichanos</span> <span class='ocrx_word' id='word_1_11' title='bbox 478 320 629 349; x_wconf 88' lang='lat' dir='ltr'>meson</span> <span class='ocrx_word' id='word_1_12' title='bbox 655 306 854 349; x_wconf 73' lang='lat' dir='ltr'>diatonos</span> 
     </span>
    </p>

    <p class='ocr_par' dir='ltr' id='par_1_3' title="bbox 260 387 374 415">
     <span class='ocr_line' id='line_1_5' title="bbox 260 387 374 415; baseline -0.009 0"><span class='ocrx_word' id='word_1_13' title='bbox 260 387 374 415; x_wconf 89' lang='lat' dir='ltr'>mese</span> 
     </span>
    </p>

    <p class='ocr_par' dir='ltr' id='par_1_4' title="bbox 257 439 706 494">
     <span class='ocr_line' id='line_1_6' title="bbox 257 439 706 494; baseline 0 -14"><span class='ocrx_word' id='word_1_14' title='bbox 257 439 361 482; x_wconf 84' lang='lat' dir='ltr'>trite</span> <span class='ocrx_word' id='word_1_15' title='bbox 386 453 706 494; x_wconf 85' lang='lat' dir='ltr'>synemmenon.</span> 
     </span>
    </p>

    <p class='ocr_par' dir='ltr' id='par_1_5' title="bbox 257 503 1093 756">
     <span class='ocr_line' id='line_1_7' title="bbox 257 503 1093 560; baseline -0.002 -14"><span class='ocrx_word' id='word_1_16' title='bbox 257 507 458 560; x_wconf 72' lang='lat' dir='ltr'>paranete</span> <span class='ocrx_word' id='word_1_17' title='bbox 485 518 793 560; x_wconf 83' lang='lat' dir='ltr'>synemmenon</span> <span class='ocrx_word' id='word_1_18' title='bbox 819 503 1093 546; x_wconf 86' lang='lat' dir='ltr'>enarmonios</span> 
     </span>
     <span class='ocr_line' id='line_1_8' title="bbox 258 568 1088 625; baseline -0.002 -13"><span class='ocrx_word' id='word_1_19' title='bbox 258 572 462 624; x_wconf 85' lang='lat' dir='ltr'>paranete</span> <span class='ocrx_word' id='word_1_20' title='bbox 488 584 800 625; x_wconf 84' lang='lat' dir='ltr'>synemmenon</span> <span class='ocrx_word' id='word_1_21' title='bbox 826 568 1088 611; x_wconf 84' lang='lat' dir='ltr'>chromatice</span> 
     </span>
     <span class='ocr_line' id='line_1_9' title="bbox 258 635 1023 691; baseline -0.001 -14"><span class='ocrx_word' id='word_1_22' title='bbox 258 638 462 691; x_wconf 85' lang='lat' dir='ltr'>paranete</span> <span class='ocrx_word' id='word_1_23' title='bbox 488 649 797 691; x_wconf 85' lang='lat' dir='ltr'>synemmenon</span> <span class='ocrx_word' id='word_1_24' title='bbox 823 635 1023 677; x_wconf 85' lang='lat' dir='ltr'>diatonos</span> 
     </span>
     <span class='ocr_line' id='line_1_10' title="bbox 258 704 690 756; baseline 0.002 -14"><span class='ocrx_word' id='word_1_25' title='bbox 258 704 355 743; x_wconf 90' lang='lat' dir='ltr'>nete</span> <span class='ocrx_word' id='word_1_26' title='bbox 381 716 690 756; x_wconf 87' lang='lat' dir='ltr'>synemmenon</span> 
     </span>
    </p>

    <p class='ocr_par' dir='ltr' id='par_1_6' title="bbox 259 781 479 821">
     <span class='ocr_line' id='line_1_11' title="bbox 259 781 479 821; baseline 0.005 -13"><span class='ocrx_word' id='word_1_27' title='bbox 259 781 479 821; x_wconf 87' lang='lat' dir='ltr'>paramese</span> 
     </span>
    </p>

    <p class='ocr_par' dir='ltr' id='par_1_7' title="bbox 257 832 721 888">
     <span class='ocr_line' id='line_1_12' title="bbox 257 832 721 888; baseline 0 -14"><span class='ocrx_word' id='word_1_28' title='bbox 257 832 359 874; x_wconf 85' lang='lat' dir='ltr'>trite</span> <span class='ocrx_word' id='word_1_29' title='bbox 385 832 721 888; x_wconf 86' lang='lat' dir='ltr'>diezeugmenon</span> 
     </span>
    </p>

    <p class='ocr_par' dir='ltr' id='par_1_8' title="bbox 257 898 1116 1151">
     <span class='ocr_line' id='line_1_13' title="bbox 257 898 1116 955; baseline 0.001 -16"><span class='ocrx_word' id='word_1_30' title='bbox 257 901 459 953; x_wconf 88' lang='lat' dir='ltr'>paranete</span> <span class='ocrx_word' id='word_1_31' title='bbox 490 898 819 955; x_wconf 72' lang='lat' dir='ltr'>liezeugmenon</span> <span class='ocrx_word' id='word_1_32' title='bbox 845 898 1116 940; x_wconf 87' lang='lat' dir='ltr'>enarmonios</span> 
     </span>
     <span class='ocr_line' id='line_1_14' title="bbox 257 963 1106 1020; baseline 0 -15"><span class='ocrx_word' id='word_1_33' title='bbox 257 967 460 1018; x_wconf 86' lang='lat' dir='ltr'>paranete</span> <span class='ocrx_word' id='word_1_34' title='bbox 486 963 821 1020; x_wconf 87' lang='lat' dir='ltr'>diezeugmenon</span> <span class='ocrx_word' id='word_1_35' title='bbox 847 964 1106 1007; x_wconf 87' lang='lat' dir='ltr'>chromatice</span> 
     </span>
     <span class='ocr_line' id='line_1_15' title="bbox 257 1028 1046 1085; baseline 0 -14"><span class='ocrx_word' id='word_1_36' title='bbox 257 1032 460 1084; x_wconf 85' lang='lat' dir='ltr'>paranete</span> <span class='ocrx_word' id='word_1_37' title='bbox 487 1028 824 1085; x_wconf 88' lang='lat' dir='ltr'>diezeugmenon</span> <span class='ocrx_word' id='word_1_38' title='bbox 849 1029 1046 1072; x_wconf 85' lang='lat' dir='ltr'>diatonos</span> 
     </span>
     <span class='ocr_line' id='line_1_16' title="bbox 258 1094 721 1151; baseline 0.002 -15"><span class='ocrx_word' id='word_1_39' title='bbox 258 1098 355 1137; x_wconf 91' lang='lat' dir='ltr'>nete</span> <span class='ocrx_word' id='word_1_40' title='bbox 383 1094 721 1151; x_wconf 89' lang='lat' dir='ltr'>diezeugmenon</span> 
     </span>
    </p>

    <p class='ocr_par' dir='ltr' id='par_1_9' title="bbox 259 1160 706 1216">
     <span class='ocr_line' id='line_1_17' title="bbox 259 1160 706 1216; baseline 0.002 -14"><span class='ocrx_word' id='word_1_41' title='bbox 259 1160 359 1202; x_wconf 91' lang='lat' dir='ltr'>trite</span> <span class='ocrx_word' id='word_1_42' title='bbox 385 1160 706 1216; x_wconf 88' lang='lat' dir='ltr'>hyperbolaeon</span> 
     </span>
    </p>

    <p class='ocr_par' dir='ltr' id='par_1_10' title="bbox 257 1226 1106 1479">
     <span class='ocr_line' id='line_1_18' title="bbox 257 1226 1106 1282; baseline 0.002 -14"><span class='ocrx_word' id='word_1_43' title='bbox 257 1229 460 1281; x_wconf 87' lang='lat' dir='ltr'>paranete</span> <span class='ocrx_word' id='word_1_44' title='bbox 486 1226 808 1282; x_wconf 86' lang='lat' dir='ltr'>hyperbolaeon</span> <span class='ocrx_word' id='word_1_45' title='bbox 834 1227 1106 1270; x_wconf 87' lang='lat' dir='ltr'>enarmonios</span> 
     </span>
     <span class='ocr_line' id='line_1_19' title="bbox 258 1291 1094 1348; baseline 0.002 -15"><span class='ocrx_word' id='word_1_46' title='bbox 258 1295 459 1347; x_wconf 86' lang='lat' dir='ltr'>paranete</span> <span class='ocrx_word' id='word_1_47' title='bbox 484 1291 807 1348; x_wconf 90' lang='lat' dir='ltr'>hyperbolaeon</span> <span class='ocrx_word' id='word_1_48' title='bbox 832 1292 1094 1336; x_wconf 87' lang='lat' dir='ltr'>chromatice</span> 
     </span>
     <span class='ocr_line' id='line_1_20' title="bbox 258 1357 1034 1414; baseline 0.001 -15"><span class='ocrx_word' id='word_1_49' title='bbox 258 1361 464 1412; x_wconf 83' lang='lat' dir='ltr'>paranete</span> <span class='ocrx_word' id='word_1_50' title='bbox 490 1357 810 1414; x_wconf 87' lang='lat' dir='ltr'>hyperbolaeon</span> <span class='ocrx_word' id='word_1_51' title='bbox 836 1357 1034 1401; x_wconf 89' lang='lat' dir='ltr'>diatonos</span> 
     </span>
     <span class='ocr_line' id='line_1_21' title="bbox 258 1423 712 1479; baseline 0 -14"><span class='ocrx_word' id='word_1_52' title='bbox 258 1425 356 1465; x_wconf 92' lang='lat' dir='ltr'>nete</span> <span class='ocrx_word' id='word_1_53' title='bbox 380 1423 712 1479; x_wconf 86' lang='lat' dir='ltr'>hyperbolaeon.</span> 
     </span>
    </p>
   </div>
   <div class='ocr_carea' id='block_1_3' title="bbox 0 1528 57 2450">
    <p class='ocr_par' dir='ltr' id='par_1_11' title="bbox 0 1528 57 2450">
     <span class='ocr_line' id='line_1_22' title="bbox 0 1528 26 1801; baseline 0.077 -2"><span class='ocrx_word' id='word_1_54' title='bbox 0 1528 26 1801; x_wconf 95' lang='lat' dir='ltr'>     </span> 
     </span>
     <span class='ocr_line' id='line_1_23' title="bbox 0 1801 48 2006; baseline 0 -43"><span class='ocrx_word' id='word_1_55' title='bbox 0 1801 48 2006; x_wconf 95' lang='lat' dir='ltr'>     </span> 
     </span>
     <span class='ocr_line' id='line_1_24' title="bbox 0 2006 49 2158; baseline 0 -35"><span class='ocrx_word' id='word_1_56' title='bbox 0 2006 49 2158; x_wconf 95' lang='lat' dir='ltr'>   </span> 
     </span>
     <span class='ocr_line' id='line_1_25' title="bbox 0 2158 57 2280; baseline 0 0"><span class='ocrx_word' id='word_1_57' title='bbox 0 2158 57 2280; x_wconf 95' lang='lat' dir='ltr'>  </span> 
     </span>
     <span class='ocr_line' id='line_1_26' title="bbox 0 2280 57 2450; baseline 0 -86"><span class='ocrx_word' id='word_1_58' title='bbox 0 2280 57 2450; x_wconf 95' lang='lat' dir='ltr'>   </span> 
     </span>
    </p>
   </div>
   <div class='ocr_carea' id='block_1_4' title="bbox 15 1504 1400 1570">
    <p class='ocr_par' dir='ltr' id='par_1_12' title="bbox 15 1504 1400 1570">
     <span class='ocr_line' id='line_1_27' title="bbox 15 1504 1400 1570; baseline 0.002 -17"><span class='ocrx_word' id='word_1_59' title='bbox 15 1504 41 1562; x_wconf 69' lang='grc' dir='ltr'>ξ·</span> <span class='ocrx_word' id='word_1_60' title='bbox 105 1526 308 1555; x_wconf 88' lang='lat' dir='ltr'>sonorum</span> <span class='ocrx_word' id='word_1_61' title='bbox 352 1515 512 1569; x_wconf 89' lang='lat' dir='ltr'>autem,</span> <span class='ocrx_word' id='word_1_62' title='bbox 567 1513 641 1568; x_wconf 89' lang='lat' dir='ltr'>qui</span> <span class='ocrx_word' id='word_1_63' title='bbox 683 1514 920 1556; x_wconf 89' lang='lat' dir='ltr'>enumerati</span> <span class='ocrx_word' id='word_1_64' title='bbox 965 1516 1084 1570; x_wconf 88' lang='lat' dir='ltr'>sunt,</span> <span class='ocrx_word' id='word_1_65' title='bbox 1128 1514 1253 1557; x_wconf 86' lang='lat' dir='ltr'>alteri</span> <span class='ocrx_word' id='word_1_66' title='bbox 1299 1516 1400 1557; x_wconf 91' lang='lat' dir='ltr'>sunt</span> 
     </span>
    </p>
   </div>
   <div class='ocr_carea' id='block_1_5' title="bbox 0 1578 1402 2226">
    <p class='ocr_par' dir='ltr' id='par_1_13' title="bbox 0 1578 1400 2147">
     <span class='ocr_line' id='line_1_28' title="bbox 18 1578 1399 1636; baseline 0.001 -16"><span class='ocrx_word' id='word_1_67' title='bbox 18 1580 222 1634; x_wconf 39' lang='lat' dir='ltr'>stantes,</span> <span class='ocrx_word' id='word_1_68' title='bbox 253 1578 377 1621; x_wconf 89' lang='lat' dir='ltr'>alteri</span> <span class='ocrx_word' id='word_1_69' title='bbox 408 1578 600 1621; x_wconf 89' lang='lat' dir='ltr'>mobiles.</span> <span class='ocrx_word' id='word_1_70' title='bbox 651 1593 700 1621; x_wconf 87' lang='lat' dir='ltr'>ac</span> <span class='ocrx_word' id='word_1_71' title='bbox 730 1581 893 1622; x_wconf 84' lang='lat' dir='ltr'>stantes</span> <span class='ocrx_word' id='word_1_72' title='bbox 926 1579 1100 1635; x_wconf 89' lang='lat' dir='ltr'>quidem</span> <span class='ocrx_word' id='word_1_73' title='bbox 1132 1583 1243 1635; x_wconf 87' lang='lat' dir='ltr'>sunt,</span> <span class='ocrx_word' id='word_1_74' title='bbox 1277 1581 1399 1636; x_wconf 82' lang='lat' dir='ltr'>quot-</span> 
     </span>
     <span class='ocr_line' id='line_1_29' title="bbox 12 1642 1399 1702; baseline 0.001 -17"><span class='ocrx_word' id='word_1_75' title='bbox 12 1642 153 1702; x_wconf 60' lang='lat' dir='ltr'>J3&lt;quot</span> <span class='ocrx_word' id='word_1_76' title='bbox 176 1644 222 1685; x_wconf 92' lang='lat' dir='ltr'>in</span> <span class='ocrx_word' id='word_1_77' title='bbox 247 1659 453 1701; x_wconf 89' lang='lat' dir='ltr'>generum</span> <span class='ocrx_word' id='word_1_78' title='bbox 478 1644 730 1687; x_wconf 87' lang='lat' dir='ltr'>differentiis</span> <span class='ocrx_word' id='word_1_79' title='bbox 756 1658 844 1687; x_wconf 88' lang='lat' dir='ltr'>non</span> <span class='ocrx_word' id='word_1_80' title='bbox 869 1648 1105 1701; x_wconf 84' lang='lat' dir='ltr'>mutantur,</span> <span class='ocrx_word' id='word_1_81' title='bbox 1130 1645 1203 1688; x_wconf 90' lang='lat' dir='ltr'>sed</span> <span class='ocrx_word' id='word_1_82' title='bbox 1222 1646 1399 1687; x_wconf 89' lang='lat' dir='ltr'>manent</span> 
     </span>
     <span class='ocr_line' id='line_1_30' title="bbox 12 1703 1397 1766; baseline 0.001 -15"><span class='ocrx_word' id='word_1_83' title='bbox 12 1703 92 1766; x_wconf 45' lang='lat' dir='ltr'>fin</span> <span class='ocrx_word' id='word_1_84' title='bbox 128 1723 215 1751; x_wconf 90' lang='lat' dir='ltr'>una</span> <span class='ocrx_word' id='word_1_85' title='bbox 250 1709 464 1766; x_wconf 83' lang='lat' dir='ltr'>tensione3</span> <span class='ocrx_word' id='word_1_86' title='bbox 507 1709 690 1752; x_wconf 87' lang='lat' dir='ltr'>mobiles</span> <span class='ocrx_word' id='word_1_87' title='bbox 727 1724 847 1762; x_wconf 82' lang='lat' dir='ltr'>vero,</span> <span class='ocrx_word' id='word_1_88' title='bbox 885 1713 1098 1766; x_wconf 87' lang='lat' dir='ltr'>quotquot</span> <span class='ocrx_word' id='word_1_89' title='bbox 1135 1710 1397 1753; x_wconf 88' lang='lat' dir='ltr'>contrarium</span> 
     </span>
     <span class='ocr_line' id='line_1_31' title="bbox 6 1767 1399 1854; baseline -0.001 -35"><span class='ocrx_word' id='word_1_90' title='bbox 6 1767 287 1854; x_wconf 59' lang='lat' dir='ltr'>{2³subierunt3</span> <span class='ocrx_word' id='word_1_91' title='bbox 312 1775 357 1817; x_wconf 89' lang='lat' dir='ltr'>in</span> <span class='ocrx_word' id='word_1_92' title='bbox 376 1790 580 1832; x_wconf 88' lang='lat' dir='ltr'>generum</span> <span class='ocrx_word' id='word_1_93' title='bbox 606 1775 721 1817; x_wconf 90' lang='lat' dir='ltr'>enim</span> <span class='ocrx_word' id='word_1_94' title='bbox 747 1775 997 1818; x_wconf 86' lang='lat' dir='ltr'>differentiis</span> <span class='ocrx_word' id='word_1_95' title='bbox 1019 1779 1243 1819; x_wconf 86' lang='lat' dir='ltr'>mutantur</span> <span class='ocrx_word' id='word_1_96' title='bbox 1261 1791 1399 1831; x_wconf 89' lang='lat' dir='ltr'>neque</span> 
     </span>
     <span class='ocr_line' id='line_1_32' title="bbox 4 1840 1399 1917; baseline 0.001 -35"><span class='ocrx_word' id='word_1_97' title='bbox 4 1860 31 1917; x_wconf 46' lang='grc' dir='ltr'>,Β</span> <span class='ocrx_word' id='word_1_98' title='bbox 49 1841 223 1882; x_wconf 88' lang='lat' dir='ltr'>manent</span> <span class='ocrx_word' id='word_1_99' title='bbox 260 1840 304 1882; x_wconf 91' lang='lat' dir='ltr'>in</span> <span class='ocrx_word' id='word_1_100' title='bbox 341 1855 428 1883; x_wconf 89' lang='lat' dir='ltr'>una</span> <span class='ocrx_word' id='word_1_101' title='bbox 457 1840 662 1883; x_wconf 87' lang='lat' dir='ltr'>tensione.</span> <span class='ocrx_word' id='word_1_102' title='bbox 713 1843 814 1883; x_wconf 88' lang='lat' dir='ltr'>sunt</span> <span class='ocrx_word' id='word_1_103' title='bbox 843 1840 979 1897; x_wconf 85' lang='lat' dir='ltr'>igitur</span> <span class='ocrx_word' id='word_1_104' title='bbox 1011 1844 1172 1885; x_wconf 90' lang='lat' dir='ltr'>stantes</span> <span class='ocrx_word' id='word_1_105' title='bbox 1206 1844 1302 1884; x_wconf 90' lang='lat' dir='ltr'>octo</span> <span class='ocrx_word' id='word_1_106' title='bbox 1335 1841 1399 1883; x_wconf 88' lang='lat' dir='ltr'>hi:</span> 
     </span>
     <span class='ocr_line' id='line_1_33' title="bbox 4 1904 1400 1963; baseline 0.002 -16"><span class='ocrx_word' id='word_1_107' title='bbox 4 1904 19 1952; x_wconf 69' lang='lat'>1}</span> <span class='ocrx_word' id='word_1_108' title='bbox 47 1905 515 1963; x_wconf 87' lang='lat' dir='ltr'>proslambanomenos,</span> <span class='ocrx_word' id='word_1_109' title='bbox 533 1906 692 1962; x_wconf 86' lang='lat' dir='ltr'>hypate</span> <span class='ocrx_word' id='word_1_110' title='bbox 705 1906 911 1963; x_wconf 86' lang='lat' dir='ltr'>hypaton,</span> <span class='ocrx_word' id='word_1_111' title='bbox 923 1907 1082 1962; x_wconf 89' lang='lat' dir='ltr'>hypate</span> <span class='ocrx_word' id='word_1_112' title='bbox 1096 1922 1259 1962; x_wconf 90' lang='lat' dir='ltr'>meson,</span> <span class='ocrx_word' id='word_1_113' title='bbox 1274 1921 1400 1962; x_wconf 84' lang='lat' dir='ltr'>mese,</span> 
     </span>
     <span class='ocr_line' id='line_1_34' title="bbox 2 1955 1400 2029; baseline 0.002 -17"><span class='ocrx_word' id='word_1_114' title='bbox 2 1955 144 2013; x_wconf 57' lang='lat' dir='ltr'>fnete</span> <span class='ocrx_word' id='word_1_115' title='bbox 175 1963 496 2026; x_wconf 84' lang='lat' dir='ltr'>synemmenon,</span> <span class='ocrx_word' id='word_1_116' title='bbox 526 1986 760 2027; x_wconf 84' lang='lat' dir='ltr'>paramese,</span> <span class='ocrx_word' id='word_1_117' title='bbox 791 1974 889 2014; x_wconf 92' lang='lat' dir='ltr'>nete</span> <span class='ocrx_word' id='word_1_118' title='bbox 921 1972 1270 2029; x_wconf 87' lang='lat' dir='ltr'>diezeugmenon,</span> <span class='ocrx_word' id='word_1_119' title='bbox 1301 1974 1400 2015; x_wconf 90' lang='lat' dir='ltr'>nete</span> 
     </span>
     <span class='ocr_line' id='line_1_35' title="bbox 0 2035 1400 2094; baseline 0.002 -17"><span class='ocrx_word' id='word_1_120' title='bbox 0 2035 383 2094; x_wconf 33' lang='lat' dir='ltr'>4hyperbolaeon3</span> <span class='ocrx_word' id='word_1_121' title='bbox 419 2037 597 2080; x_wconf 85' lang='lat' dir='ltr'>mobiles</span> <span class='ocrx_word' id='word_1_122' title='bbox 623 2051 737 2092; x_wconf 80' lang='lat' dir='ltr'>vem,</span> <span class='ocrx_word' id='word_1_123' title='bbox 770 2037 843 2092; x_wconf 90' lang='lat' dir='ltr'>qui</span> <span class='ocrx_word' id='word_1_124' title='bbox 870 2040 971 2080; x_wconf 88' lang='lat' dir='ltr'>sunt</span> <span class='ocrx_word' id='word_1_125' title='bbox 994 2038 1039 2080; x_wconf 91' lang='lat' dir='ltr'>in</span> <span class='ocrx_word' id='word_1_126' title='bbox 1067 2038 1220 2081; x_wconf 92' lang='lat' dir='ltr'>horum</span> <span class='ocrx_word' id='word_1_127' title='bbox 1245 2038 1400 2094; x_wconf 91' lang='lat' dir='ltr'>medio,</span> 
     </span>
     <span class='ocr_line' id='line_1_36' title="bbox 49 2115 1062 2144; baseline -0.004 2.815"><span class='ocrx_word' id='word_1_128' title='bbox 49 2115 207 2144; x_wconf 88' lang='lat' dir='ltr'>omnes.</span> <span class='ocrx_word' id='word_1_129' title='bbox 1059 2117 1062 2119; x_wconf 62' lang='grc'><strong>’</strong></span> 
     </span>
    </p>

    <p class='ocr_par' dir='ltr' id='par_1_14' title="bbox 9 2159 1402 2226">
     <span class='ocr_line' id='line_1_37' title="bbox 9 2159 1402 2226; baseline 0.002 -17"><span class='ocrx_word' id='word_1_130' title='bbox 9 2159 31 2175; x_wconf 65' lang='grc'><strong>”</strong></span> <span class='ocrx_word' id='word_1_131' title='bbox 108 2167 314 2210; x_wconf 86' lang='lat' dir='ltr'>stantium</span> <span class='ocrx_word' id='word_1_132' title='bbox 346 2167 420 2209; x_wconf 86' lang='lat' dir='ltr'>alii</span> <span class='ocrx_word' id='word_1_133' title='bbox 445 2170 547 2210; x_wconf 87' lang='lat' dir='ltr'>sunt</span> <span class='ocrx_word' id='word_1_134' title='bbox 572 2168 828 2226; x_wconf 87' lang='lat' dir='ltr'>barypycni,</span> <span class='ocrx_word' id='word_1_135' title='bbox 859 2168 933 2212; x_wconf 88' lang='lat' dir='ltr'>alii</span> <span class='ocrx_word' id='word_1_136' title='bbox 960 2170 1115 2225; x_wconf 88' lang='lat' dir='ltr'>apycni</span> <span class='ocrx_word' id='word_1_137' title='bbox 1141 2171 1183 2212; x_wconf 92' lang='lat' dir='ltr'>et</span> <span class='ocrx_word' id='word_1_138' title='bbox 1210 2183 1402 2225; x_wconf 90' lang='lat' dir='ltr'>compre-</span> 
     </span>
    </p>
   </div>
   <div class='ocr_carea' id='block_1_6' title="bbox 1185 2237 1399 2241">
    <p class='ocr_par' dir='ltr' id='par_1_15' title="bbox 1185 2237 1399 2241">
     <span class='ocr_line' id='line_1_38' title="bbox 1185 2237 1399 2241; baseline 0 0"><span class='ocrx_word' id='word_1_139' title='bbox 1185 2237 1399 2241; x_wconf 95' lang='lat' dir='ltr'> </span> 
     </span>
    </p>
   </div>
   <div class='ocr_carea' id='block_1_7' title="bbox 5 2233 1402 2397">
    <p class='ocr_par' dir='ltr' id='par_1_16' title="bbox 4 2233 1402 2401">
     <span class='ocr_line' id='line_1_39' title="bbox 5 2233 1401 2303; baseline 0.001 -14"><span class='ocrx_word' id='word_1_140' title='bbox 5 2236 27 2298; x_wconf 67' lang='lat' dir='ltr'>fs:</span> <span class='ocrx_word' id='word_1_141' title='bbox 48 2233 1271 2303; x_wconf 56' lang='lat' dir='ltr'>mmffiwm</span> <span class='ocrx_word' id='word_1_142' title='bbox 1296 2261 1401 2292; x_wconf 68' lang='grc'><strong>-26,</strong></span> 
     </span>
     <span class='ocr_line' id='line_1_40' title="bbox 49 2301 1402 2350; baseline -0.001 -8.032"><span class='ocrx_word' id='word_1_143' title='bbox 49 2301 201 2348; x_wconf 60' lang='grc' dir='ltr'><strong>τάσεως]</strong></span> <span class='ocrx_word' id='word_1_144' title='bbox 226 2312 297 2336; x_wconf 88' lang='lat' dir='ltr'>om.</span> <span class='ocrx_word' id='word_1_145' title='bbox 323 2301 382 2337; x_wconf 92' lang='lat' dir='ltr'>W.</span> <span class='ocrx_word' id='word_1_146' title='bbox 504 2306 560 2339; x_wconf 88' lang='lat'>30.</span> <span class='ocrx_word' id='word_1_147' title='bbox 585 2302 638 2350; x_wconf 81' lang='grc' dir='ltr'>οἱ]</span> <span class='ocrx_word' id='word_1_148' title='bbox 664 2302 744 2339; x_wconf 74' lang='grc' dir='ltr'>οἵδε</span> <span class='ocrx_word' id='word_1_149' title='bbox 769 2303 805 2339; x_wconf 82' lang='grc' dir='ltr'>οἱ</span> <span class='ocrx_word' id='word_1_150' title='bbox 830 2303 889 2340; x_wconf 86' lang='lat' dir='ltr'>W.</span> <span class='ocrx_word' id='word_1_151' title='bbox 921 2303 1040 2349; x_wconf 80' lang='grc' dir='ltr'><strong><em>μέσων</em></strong></span> <span class='ocrx_word' id='word_1_152' title='bbox 1066 2304 1125 2340; x_wconf 91' lang='lat' dir='ltr'>W.</span> <span class='ocrx_word' id='word_1_153' title='bbox 1247 2308 1303 2340; x_wconf 84' lang='lat'>31.</span> <span class='ocrx_word' id='word_1_154' title='bbox 1327 2310 1402 2341; x_wconf 82' lang='grc' dir='ltr'>τῶν</span> 
     </span>
     <span class='ocr_line' id='line_1_41' title="bbox 50 2347 818 2397; baseline 0.002 -12.892"><span class='ocrx_word' id='word_1_155' title='bbox 50 2347 214 2385; x_wconf 70' lang='grc' dir='ltr'>ἑστώτων</span> <span class='ocrx_word' id='word_1_156' title='bbox 239 2348 275 2385; x_wconf 80' lang='grc' dir='ltr'>οἱ</span> <span class='ocrx_word' id='word_1_157' title='bbox 299 2349 534 2396; x_wconf 77' lang='grc' dir='ltr'><strong><em>βαρύπυκνοι</em></strong></span> <span class='ocrx_word' id='word_1_158' title='bbox 557 2351 596 2386; x_wconf 87' lang='grc' dir='ltr'><strong>Μ</strong></span> <span class='ocrx_word' id='word_1_159' title='bbox 620 2362 695 2397; x_wconf 82' lang='lat' dir='ltr'>mg.</span> <span class='ocrx_word' id='word_1_160' title='bbox 714 2363 763 2386; x_wconf 90' lang='lat' dir='ltr'>m.</span> <span class='ocrx_word' id='word_1_161' title='bbox 786 2355 818 2386; x_wconf 85' lang='lat'>2.</span> 
     </span>
    </p>
   </div>
   <div class='ocr_carea' id='block_1_8' title="bbox 1120 2413 1188 2447">
    <p class='ocr_par' dir='ltr' id='par_1_17' title="bbox 1120 2413 1188 2447">
     <span class='ocr_line' id='line_1_42' title="bbox 1120 2413 1188 2447; baseline -0.029 0"><span class='ocrx_word' id='word_1_162' title='bbox 1120 2413 1188 2447; x_wconf 78' lang='lat'>13·</span> 
     </span>
    </p>
   </div>
  </div>
 </body>
</html>
