1494 2450
33 202 59 219 :1
144 185 187 224 et
217 182 420 236 quoniam
446 195 530 237 quo
558 183 750 236 tempore
777 184 827 223 Π
832 183 870 222 Ρ
896 180 1072 236 occidit,
1106 183 1203 224 ZH
1220 181 1370 236 oritur,

46 261 243 290 ommune
268 246 478 289 adiciatur
502 249 684 302 tempus,
711 261 796 302 quo
822 249 1032 301 punctum
1052 214 1104 290 H
1118 261 1265 289 arcum
1285 249 1370 289 KA

10 313 245 367 percurrit,
283 313 397 367 quod
427 312 602 367 aequale
634 314 699 354 est
728 313 933 368 tempori,
971 327 1055 368 quo
1088 314 1298 368 punctum
1333 315 1369 354 Z

10 368 35 437 ³5:
91 393 164 420 um
188 379 272 420 KA
301 378 524 433 percurrit.
573 377 718 432 itaque
749 380 939 434 tempus,
970 392 1056 434 quo
1088 380 1297 433 punctum
1323 381 1374 420 H

19 438 20 442 ¹
67 457 163 487 cum
182 445 266 485 KA
290 443 501 500 percurrit
520 445 563 485 et
583 445 669 485 ΠΡ
691 443 866 498 occidit,
891 444 1067 499 aequale
1087 445 1152 486 est
1170 443 1369 500 tempori,

29 522 104 551 uo
129 523 250 551 arcus
277 511 367 551 ZH
386 510 522 550 oritur
547 511 590 550 et
615 511 824 564 punctum
853 512 888 551 Z
914 523 1061 551 arcum
1087 512 1171 551 KA
1196 522 1368 565 percur-

6 562 19 598 ³³
45 573 86 616 ‘t.
134 588 278 616 verum
318 576 500 629 tempus,
540 588 623 628 quo
656 577 867 629 punctum
900 577 945 616 H
982 589 1128 617 arcum
1160 577 1245 617 KA
1277 589 1369 630 per-

6 640 151 682 currit
175 642 217 682 et
242 642 291 681 H
295 642 334 681 P
355 640 522 695 occidit,
554 642 723 695 tempus
751 642 828 695 est⁷
863 654 948 695 quo
978 642 1025 681 H
1029 642 1068 681 P
1090 640 1369 695 conspicuum

6 705 379 767 hemisphaerium
398 707 632 761 permutat3
652 708 823 760 tempus
844 709 1001 759 autem,
1021 719 1106 761 quo
1130 708 1220 747 ZH
1233 705 1370 748 oritur

6 772 63 814 {at
90 774 297 826 punctum
330 774 366 812 Z
403 786 549 813 arcum
581 773 666 814 KA
703 771 925 826 percurrit,
962 774 1132 826 tempus
1165 774 1241 826 est,
1281 785 1367 826 quo

3 836 110 880 ΖΗ
126 836 403 891 conspicuum
426 836 794 892 hemisphaerium
818 838 1047 892 permutat.
1096 836 1243 891 itaque
1272 839 1368 891 ZH,

20 903 110 945 ΠΡ
140 902 308 957 aequali
338 904 530 958 tempore
563 902 843 958 conspicuum
874 901 1242 957 hemisphaerium
1274 917 1367 957 per-

3 969 194 1021 mutant.
243 968 331 1010 iam
355 967 554 1010 similiter
580 966 982 1024 demonstrabimus,
1007 967 1138 1009 etiam
1164 970 1264 1022 ΗΘ,
1291 970 1373 1009 ΡΣ

3 1030 181 1088 aequali
204 1035 398 1088 tempore
423 1033 703 1088 conspicuum
729 1033 1095 1088 hemisphaerium
1112 1036 1367 1088 permutare.

2 1109 164 1140 verum
183 1101 269 1141 ΠΡ
289 1102 450 1141 maiore
475 1102 668 1154 tempore
696 1101 977 1153 conspicuum
1002 1098 1367 1153 hemisphaerium

3 1166 230 1218 permutat
255 1179 383 1220 quam
410 1167 500 1219 ΡΣ,
533 1167 576 1207 et
600 1164 942 1206 demonstratum
968 1167 1045 1220 est,
1073 1166 1169 1218 ΖΗ,
1195 1166 1282 1206 ΠΡ
1303 1178 1367 1206 ae-

3 1229 132 1284 quali
167 1232 360 1284 tempore
395 1233 676 1286 conspicuum
713 1229 1079 1285 hemisphaerium
1111 1233 1366 1285 permutare.

17 1294 157 1349 itaque
182 1297 270 1337 ZH
289 1298 450 1339 maiore
476 1299 670 1351 tempore
697 1298 976 1351 conspicuum
1001 1295 1367 1350 hemisphaerium

1 1357 3 1407 J
17 1363 230 1414 permutat
255 1375 384 1415 quam
412 1364 463 1403 H
467 1364 515 1404 Θ.

75 1438 175 1481 ergo
207 1427 404 1481 aequales
437 1428 588 1469 circuli
619 1426 784 1469 zodiaci
809 1442 930 1469 arcus
955 1441 1043 1468 non
1069 1427 1237 1481 aequali
1263 1430 1367 1469 tem-

17 1503 117 1545 pore
143 1495 420 1547 conspicuum
445 1492 808 1546 hemisphaerium
828 1495 1087 1548 permutant,
1113 1492 1186 1534 sed
1205 1495 1367 1534 maiore

8 1558 72 1610 is,
102 1559 175 1611 qui
200 1560 361 1599 aestivo
387 1561 553 1613 tropico
579 1561 758 1614 propior
784 1562 860 1613 est,
895 1572 1024 1612 quam
1048 1561 1098 1613 is,
1130 1560 1205 1612 qui
1231 1572 1365 1600 remo-

18 1622 100 1663 tior
123 1626 197 1664 est.
247 1626 290 1664 et
315 1623 444 1665 simul
470 1623 813 1666 demonstratum
840 1627 903 1666 est
927 1638 1064 1678 arcus,
1096 1626 1171 1678 qui
1197 1623 1365 1678 aequali

15 1688 237 1730 intervallo
264 1689 436 1744 distent,
462 1689 630 1745 aequali
656 1693 849 1745 tempore
875 1693 1135 1744 permutare.

670 1834 709 1876 4.

511 1927 583 1969 Ad
612 1943 749 1983 prop.
771 1928 864 1971 XV.

521 2022 691 2066 Aliter
715 2023 857 2066 idem.

0 2136 1 2150 2
37 2146 51 2174 2:
72 2112 230 2158 circuli
259 2118 422 2160 zodiaci
452 2133 648 2174 arcuum,
688 2122 763 2173 qui
795 2123 838 2162 et
869 2120 1066 2175 aequales
1099 2124 1142 2163 et
1173 2124 1363 2177 oppositi

0 2183 131 2247 gaunt,
174 2196 257 2237 quo
302 2186 495 2238 tempore
532 2199 642 2227 unus
681 2188 959 2240 conspicuum
997 2186 1363 2242 hemisphaerium

18 2286 92 2333 1⁴29.
197 2303 253 2336 29.
289 2301 344 2340 ις’
371 2301 411 2336 ἐκ
441 2308 617 2346 περισσοῦ
642 2302 747 2349 Vat„
780 2303 846 2339 sed
877 2306 943 2339 atr.
977 2304 1089 2339 rubro
1122 2304 1193 2340 del
1227 2306 1264 2338 et
1296 2315 1363 2339 ser.

0 2342 127 2388 ιωως
148 2346 190 2383 τὸ
216 2347 319 2384 αὐτό.
417 2352 472 2384 30.
499 2349 651 2397 κύκλου]
677 2350 814 2386 κύκλον
841 2354 916 2397 (-νο
941 2351 980 2386 in
1005 2353 1090 2397 rae.)
1116 2352 1197 2388 Vat.

29 2411 158 2450 *313110
142 2413 242 2440 elide
298 2414 824 2449 ddHibgtMg.V111.
1127 2415 1147 2445 9

569 71 815 106 APPENDIX
1285 73 1305 114 1
1313 72 1368 114 29
1445 80 1450 84 ”
