1456 2456
104 38 188 73 VIII
635 40 903 76 PRAEFATIO

230 146 406 188 alterum
432 148 573 188 textus
592 147 728 188 voluit
750 161 839 188 esse
862 148 1191 191 fundamentum.
1216 150 1341 193 huius
1361 166 1427 194 co-

231 209 333 251 dicis
366 211 633 251 collationem
658 210 733 251 Ian
766 211 1045 265 complurium
1074 213 1259 256 virorum
1288 215 1427 257 docto-

231 287 323 313 rum
341 288 490 327 operae
508 273 703 329 debebat3
724 277 820 316 ante
836 274 992 318 multos
1010 291 1141 318 annos
1161 292 1254 319 eum
1268 278 1426 320 Romae

233 336 393 377 contuli
418 337 518 391 ipse.

159 398 244 441 Ubi
274 400 463 442 codicum
495 399 606 441 MW
638 402 869 455 scripturae
902 403 1073 444 retineri
1105 419 1190 447 non
1222 409 1428 462 poterant,

101 460 175 504 Ian
190 462 295 505 duos
315 464 478 505 codices
498 464 672 506 alterius
692 465 876 507 familiae
895 466 940 508 in
959 468 1177 510 consilium
1196 470 1427 526 advocavit,

103 529 146 568 et
168 526 214 567 hi
239 527 407 581 quidem
433 531 546 569 sunt:

173 590 215 632 N
228 611 283 625 =
297 591 606 646 Neapolitanus
619 591 681 634 III
695 591 724 634 C
738 594 764 634 2
779 593 898 650 (olim
913 594 1028 650 260),
1046 595 1221 639 chartac.
1233 598 1279 639 4⁰
1296 613 1314 639 s
1333 599 1425 641 XV.

227 655 310 696 fuit
344 654 515 711 Georgii
547 655 706 698 Vallae.
748 657 969 700 Euclidem
1003 659 1174 713 praebet
1206 677 1245 716 p.
1265 661 1321 703 56
1336 677 1425 717 sqq.

226 720 405 761 contulit
430 719 516 761 Ian.

100 782 135 823 B
156 785 198 823 et
216 781 255 823 B
276 803 330 816 =
350 783 605 825 Barberinus
624 783 678 839 II,
694 784 748 826 86
770 784 890 841 (olim
910 786 1028 843 270),
1046 787 1223 831 chartac.
1238 789 1311 832 fol.
1325 790 1425 832 min.

229 846 381 888 s.XV1.
408 846 669 890 Introductio
690 850 733 889 in
748 850 889 892 codice
906 851 971 893 bis
989 852 1156 907 legitur,
1175 854 1315 907 priore
1329 854 1424 896 loco

226 910 298 951 fol.
319 911 404 952 300
428 911 573 966 Pappo
599 912 826 968 vindicata,
855 915 986 955 altero
1012 914 1103 956 loco
1128 915 1199 957 fol.
1220 916 1301 957 311
1330 930 1426 958 con—

228 975 371 1016 iuncta
397 989 490 1016 cum
513 974 705 1017 Sectione
726 979 767 1017 et
788 976 1000 1019 Cleonidis
1022 979 1191 1020 nomine
1210 979 1423 1034 inscripta.

229 1037 366 1080 Sectio
393 1039 542 1094 incipit
568 1054 592 1080 a
617 1041 687 1081 fol.
703 1041 799 1082 318.
832 1042 1031 1083 maiorem
1056 1045 1216 1097 partem
1246 1044 1425 1086 contulit

228 1101 506 1154 Studemund‚
537 1104 740 1158 reliquam
770 1106 1035 1160 transcripsit
1059 1106 1209 1160 Franz,
1240 1108 1424 1162 inspexit

226 1165 313 1220 Ian,
340 1167 412 1220 qui
436 1167 617 1221 priorem
644 1168 758 1210 illam
785 1169 1114 1212 Introductionis
1139 1172 1422 1213 recensionem

226 1229 368 1271 littera
394 1229 428 1270 Β
457 1231 657 1286 signavit,
687 1232 761 1273 ubi
794 1233 1005 1287 propriam
1039 1234 1261 1276 lectionem
1286 1235 1423 1290 habet,

226 1292 265 1334 B
291 1296 447 1349 autem,
479 1294 552 1335 ubi
577 1309 669 1336 cum
697 1311 780 1338 uno
807 1297 874 1338 vel
900 1297 1063 1339 duobus
1091 1298 1184 1339 aliis
1211 1299 1422 1341 codicibus

228 1358 449 1413 conspirat.

156 1420 223 1462 Ad
248 1421 326 1463 hos
347 1422 521 1477 codices,
546 1438 597 1464 ne
617 1425 766 1465 tertiae
785 1425 972 1467 familiae
991 1429 1137 1467 auctor
1155 1426 1423 1481 desideretur,

99 1485 142 1527 in
167 1484 482 1528 Introductione
509 1487 677 1542 quidem
703 1489 815 1543 apud
840 1488 988 1530 Ianum
1014 1490 1173 1531 accedit

167 1550 201 1591 L
228 1571 282 1584 =
309 1551 438 1592 codex
468 1551 568 1592 bibl.
602 1552 784 1594 civitatis
816 1552 1045 1607 Lipsiensis
1075 1553 1206 1604 XXV,
1244 1554 1421 1596 chartac.

226 1629 256 1654 s.
275 1613 367 1656 XV.
409 1615 596 1656 continet
626 1614 984 1659 Introductionem
1016 1616 1296 1669 fol.5²—10²‚
1329 1617 1421 1659 Sec-

226 1677 383 1719 tionem
407 1678 624 1721 102—132.
655 1680 768 1722 hunc
792 1681 947 1722 librum
973 1682 1202 1723 rectissime
1228 1682 1333 1723 vidit
1357 1683 1422 1723 vir

227 1743 519 1797 sagacissimus
545 1743 679 1785 filium
706 1759 795 1787 esse
821 1745 909 1786 cod.
931 1745 1131 1787 Marciani
1158 1746 1262 1799 322,
1293 1746 1343 1787 ab
1370 1760 1419 1787 eo

224 1805 366 1847 littera
385 1805 424 1848 U
447 1806 613 1861 signati.
648 1808 910 1862 Lipsiensem
936 1808 1109 1851 contulit
1138 1808 1223 1863 Ian,
1248 1808 1421 1851 Marcia-

224 1884 325 1910 num
360 1870 543 1924 inspexit
576 1872 703 1927 idem,
740 1872 1099 1915 Introductionem
1137 1874 1296 1915 contuli
1330 1874 1420 1928 ipse

225 1932 414 1974 Venetiis
443 1934 571 1988 19133
599 1950 636 1977 V.
661 1937 976 1992 prolegomena,
1000 1937 1074 1978 ubi
1099 1937 1223 1979 etiam
1251 1938 1300 1979 de
1326 1937 1420 1979 aliis

226 1997 476 2051 quibusdam
502 1998 715 2042 codicibus
742 2000 1036 2055 disputabitur.

154 2059 232 2102 His
265 2061 477 2103 codicibus
506 2064 758 2105 enumeratis
790 2065 1043 2106 redeundum
1075 2067 1137 2106 est
1167 2065 1220 2105 ad
1251 2064 1306 2105 M.
1332 2065 1420 2119 Ian,

97 2138 191 2166 cum
223 2125 267 2165 in
297 2127 414 2166 tanta
439 2125 511 2166 illa
542 2140 742 2168 manuum
769 2128 924 2170 codicis
948 2127 993 2169 M
1023 2128 1222 2169 varietate
1248 2128 1298 2170 de
1323 2143 1420 2170 ocu-

95 2187 232 2229 lorum
252 2188 339 2230 acie
360 2189 607 2243 desperaret,
632 2191 684 2231 ad
707 2192 1044 2247 apographorum
1063 2192 1305 2234 testimonia
1323 2206 1417 2234 con-

94 2251 216 2307 fugit.
255 2254 379 2306 atque
404 2252 448 2293 in
473 2252 676 2307 adparatu
701 2254 768 2296 his
793 2270 893 2297 usus
919 2257 983 2297 est
1008 2255 1144 2312 siglis:
