1494 2450
11 39 14 92 ᾗ
552 42 858 79 FRAGMENTA
1297 42 1382 84 281

10 156 130 208 ,ΔΓ,
169 155 240 209 ἴση
280 154 330 197 δὲ
366 155 392 209 ἡ
423 150 506 207 μὲν
537 156 620 195 ΕΔ
655 159 706 208 τῇ
736 154 844 206 ΖΗ,
882 168 931 194 το
968 149 1016 194 δὲ
1052 150 1136 194 ἀπὸ
1165 154 1260 194 ΔΓ
1288 151 1388 194 ἴσον

7 228 122 274 Υιτοῖς
148 218 232 262 ἀπὸ
258 222 375 271 ΔΗ,
399 221 446 262 Η
453 220 503 270 Γ,
529 216 579 260 τὸ
605 219 690 271 ἄρα
715 217 800 260 ἀπὸ
826 220 920 260 ΖΗ
939 221 1040 259 ἴσον
1065 215 1158 259 ἐστὶ
1183 223 1276 267 τοῖς
1301 216 1387 259 ἀπὸ

30 288 146 337 ΔΗ,
174 287 273 327 ΗΓ.
323 283 396 327 καὶ
422 286 544 326 ἔστιν
567 282 693 326 θέσει
718 283 744 338 ἡ
774 284 869 338 ΖΓ,
900 281 974 326 καὶ
1001 282 1083 324 δύο
1111 282 1308 325 δοθέντα
1333 282 1388 324 τὰ

0 351 7 408 ῃῘ
32 354 81 405 Z,
108 353 165 394 Γ·
211 351 260 394 τὸ
285 354 329 393 Δ
361 351 445 406 ἄρα
477 350 656 392 ἅπτεται
685 350 962 403 παραβολῆς·
1006 354 1138 391 τοῦτο
1171 349 1254 404 γὰρ
1281 362 1388 402 προ-

0 410 5 460 *J
30 417 261 459 δέδεικται.

94 1155 411 1209 συντεθήσεται
438 1154 492 1209 δὴ
519 1153 681 1204 οὕτως·

94 1218 203 1263 ἔστω
230 1220 256 1275 ἡ
281 1226 333 1275 τῇ
358 1218 483 1262 θέσει
508 1219 534 1274 ἡ
561 1221 670 1270 AB,
701 1219 750 1261 τὸ
777 1216 826 1261 δὲ
852 1218 993 1261 δοθὲν
1018 1217 1067 1260 τὸ
1097 1220 1145 1272 Γ,
1170 1218 1241 1261 καὶ
1268 1219 1392 1273 ἤχθω

34 1285 222 1335 κάθετος
244 1284 271 1340 ἡ
300 1287 389 1339 ΓΖ,
414 1283 487 1327 καὶ
512 1283 638 1327 θέσει
664 1284 801 1338 οὔσης
826 1290 903 1339 τῆς
924 1286 1000 1326 ΓΖ
1025 1282 1098 1326 καὶ
1124 1284 1207 1326 δύο
1235 1283 1395 1326 δοθέν-

35 1366 123 1393 των
157 1357 247 1393 τῶν
275 1353 325 1401 Ζ,
352 1352 395 1392 Γ
426 1350 632 1406 εὑρήσθω
667 1350 898 1404 παραβολὴ
929 1350 955 1404 ἡ
982 1352 1093 1404 ΔΘ,
1129 1350 1260 1402 ὥστε,
1296 1343 1395 1392 οἷον

36 1416 114 1458 ἐὰν
145 1419 299 1472 ληφθῇ
332 1423 515 1471 σημεῖον
540 1416 599 1466 ὡς
623 1417 672 1458 τὸ
699 1420 763 1470 Δ,
798 1412 915 1471 ἀχθῇ
942 1412 990 1457 δὲ
1016 1415 1206 1464 κάθετος
1231 1414 1257 1469 ἡ
1283 1416 1394 1468 ΛΗ,

36 1482 135 1524 ἴσον
167 1480 288 1524 ἐστὶν
318 1482 367 1524 τὸ
399 1481 483 1524 ἀπὸ
513 1483 606 1523 ΖΗ
633 1488 726 1531 τοῖς
757 1480 841 1523 ἀπὸ
867 1483 984 1534 ΔΗ,
1011 1482 1112 1523 ΗΓ.
1163 1479 1294 1534 λέγω,
1327 1478 1395 1521 ὅτι

35 1547 180 1602 ἡΔΘ
211 1548 386 1602 γραμμὴ
419 1545 498 1589 τὸν
529 1548 666 1589 τόπον
691 1554 828 1600 ποιεῖ,
859 1545 1089 1588 τουτέστιν
1115 1545 1202 1598 ὅτι,
1233 1545 1306 1587 οἴα
1329 1559 1395 1595 τις

37 1612 115 1654 ἐὰν
145 1613 309 1668 διαχθῇ
342 1612 401 1662 ὡς
431 1612 458 1667 ἡ
486 1614 528 1654 Γ
523 1616 565 1654 Δ
597 1610 670 1654 καὶ
701 1611 890 1660 κάθετος
920 1610 947 1665 ἡ
974 1614 1084 1664 ΛΕ,
1118 1611 1190 1665 ἴση
1223 1609 1344 1653 ἐστὶν
1368 1609 1395 1664 ἡ

40 1679 119 1720 ΓΔ
143 1684 195 1733 τῇ
222 1680 324 1720 ΛΕ.

96 1743 221 1798 ἤχθω
253 1743 441 1794 κάθετος
465 1743 492 1798 ἡ
518 1745 636 1785 ΔΗ·
682 1743 756 1785 διὰ
788 1743 873 1797 ἄρα
903 1748 980 1796 τῆς
1010 1744 1265 1796 παραβολῆς
1297 1741 1396 1783 ἴσον

38 1807 158 1850 ἐστὶν
183 1807 233 1851 τὸ
260 1808 344 1851 ἀπὸ
374 1811 456 1852 ΖΗ
481 1815 575 1858 τοῖς
600 1808 685 1851 ἀπὸ
713 1810 828 1862 ΔΗ,
849 1809 899 1849 Η
903 1809 950 1849 Γ.
993 1809 1071 1849 καί
1093 1806 1214 1849 ἐστιν
1239 1813 1291 1862 τῇ
1316 1803 1398 1859 μὲν

41 1876 128 1915 ΖΗ
148 1874 220 1927 ἴση
245 1874 272 1929 ἡ
298 1876 394 1929 ΕΔ,
419 1881 512 1924 τοῖς
537 1871 586 1916 δὲ
612 1871 696 1916 ἀπὸ
723 1875 840 1927 ΔΗ,
866 1875 962 1914 ΗΓ
981 1873 1079 1915 ἴσον
1104 1873 1153 1915 τὸ
1181 1872 1265 1914 ἀπὸ
1291 1873 1397 1913 ΔΓ·

38 1939 86 1981 τὸ
113 1939 196 1993 ἄρα
222 1938 307 1981 ἀπὸ
332 1942 376 1981 Δ
385 1941 428 1982 Γ
446 1939 547 1982 ἴσον
572 1938 694 1982 ἐστὶν
719 1944 779 1996 τῷ
807 1938 891 1981 ἀπὸ
919 1940 1019 1980 ΔΕ.
1070 1938 1141 1992 ἴση
1168 1938 1252 1991 ἄρα
1278 1935 1400 1979 ἐστὶν

39 2005 65 2059 ἡ
94 2006 135 2046 Γ
130 2008 173 2046 Λ
197 2010 249 2059 τῇ
275 2007 388 2046 ΛΕ·
419 2005 445 2060 ἡ
471 2005 556 2061 ἄρα
581 2007 673 2047 ΔΘ
698 2004 873 2059 γραμμὴ
899 2012 1020 2046 ποιεῖ
1044 2001 1123 2046 τὸν
1148 2005 1296 2045 τόπον.

89 2130 119 2162 6.
146 2125 183 2172 η’
207 2126 401 2172 praemisit
425 2127 588 2162 Hultsch
614 2139 698 2163 cum
723 2127 821 2162 aliis.
909 2130 964 2161 11.
991 2126 1101 2172 ἐστὶν]
1129 2126 1214 2161 fort.
1241 2122 1350 2161 εἶναι.

44 2178 98 2209 12.
130 2173 197 2209 τὸν
221 2173 340 2209 τόπον
364 2175 479 2222 ποιεῖ]
510 2172 576 2210 τὸν
606 2174 724 2211 τόπον
750 2176 848 2219 cod.,
879 2180 984 2209 ποιεῖ
1004 2173 1071 2209 τὸν
1095 2173 1214 2209 τόπον
1238 2172 1399 2208 Hultsch

41 2233 124 2256 cum
145 2221 241 2257 aliis.
309 2221 378 2267 ὅτι]
406 2233 478 2258 om.
506 2222 600 2265 eod..
626 2222 799 2258 Hultsch.
913 2226 967 2257 13.
995 2221 1076 2268 ἐὰν]
1105 2220 1154 2258 ἂν
1178 2220 1351 2256 Hultsch.

42 2272 96 2304 19.
122 2269 390 2305 Desiderantur
413 2271 563 2314 praeter
587 2270 698 2305 finem
722 2270 833 2305 huius
858 2269 1048 2304 lemmatis
1075 2268 1155 2304 sine
1182 2268 1301 2304 dubio
1320 2268 1398 2303 alia

40 2316 218 2352 lemmata
242 2316 330 2351 libri
356 2316 535 2352 Euclidis.

1423 1427 1466 1458 10

1424 1755 1467 1786 15
