1456 2456
46 782 87 813 10

46 1103 87 1134 15

45 1425 88 1455 20

45 1746 89 1776 25

111 92 137 133 6
615 95 919 129 ΦΑΙΝΟΜΕΝΑ

113 197 179 240 ἐπὶ
211 203 301 240 τῶν
328 198 469 249 λοξῶν
498 200 670 243 κύκλων
699 199 770 242 καὶ
801 203 1048 255 τεμνόντων
1077 203 1155 244 τὸν
1186 204 1435 257 ἰσημερινὸν

112 263 210 317 δίχα
228 264 547 318 λαμβανόμενοι
567 263 740 318 ἀστέρες
760 263 807 307 ἐν
831 272 882 320 τῇ
901 271 1117 323 περιφορᾷ
1140 266 1221 308 οὐκ
1240 266 1294 308 ἄν
1313 266 1434 321 ἐφαί-

111 342 240 368 νοντο
266 326 332 368 ἀεὶ
359 327 427 369 ἐπὶ
451 328 716 381 ἡμικυκλίων
743 333 850 370 ἴσων
875 331 1120 384 φερόμενοι,
1146 330 1237 372 ἄλλ’
1262 331 1332 373 ὅτε
1355 328 1435 385 μὲν

112 389 181 432 ἐπὶ
201 394 395 445 μείζονος
414 393 670 445 ἡμικυκλίου
690 395 918 447 τμήματος,
945 394 1015 436 ὅτε
1035 392 1083 436 δὲ
1103 394 1166 436 ἐπ’
1192 394 1434 444 ἐλάσσονος.

112 455 188 497 ἐὰν
213 456 293 511 γὰρ
320 463 460 505 κῶνος
481 456 507 510 ἢ
527 458 761 510 κύλινδρος
780 455 965 514 ἐπιπέδῳ
985 462 1127 513 τμηθῇ
1147 460 1203 513 μὴ
1223 460 1337 512 παρὰ
1356 460 1435 513 τὴν

111 519 264 572 βάσιν,
300 519 325 573 ἡ
361 520 468 574 τομὴ
505 522 698 574 γίγνεται
733 519 973 574 ὀξυγωνιόυ
1007 522 1150 564 κώνου
1182 524 1312 577 τομή,
1346 523 1436 576 ἥτις

113 581 232 625 ἐστὶν
257 583 384 638 ὁμοία
407 588 568 640 θυρεῷ.
619 586 753 639 δῆλον
778 582 872 638 οὖν,
908 586 973 627 ὅτι
998 587 1200 628 τοιούτου
1226 589 1437 640 σχήματος

113 647 186 688 διὰ
210 653 287 688 τοῦ
314 647 447 700 μέσου
472 649 737 702 τεμνομένου
763 650 869 691 κατά
894 665 939 691 τε
964 651 1012 692 τὸ
1038 656 1171 703 μῆκος
1189 649 1259 692 καὶ
1279 651 1437 700 πλάτος

113 711 295 765 ἀνόμοια
314 713 507 766 τμήματα
532 719 663 754 ποιεῖ·
702 714 836 767 δῆλον
856 713 916 767 δέ,
943 714 1007 755 ὅτι
1028 714 1109 755 κάν
1128 713 1271 765 λοξαῖς
1289 722 1436 768 τομαῖς

112 779 255 831 τμηθῇ
283 777 354 818 διὰ
380 783 457 819 τοῦ
475 777 623 830 μέσου,
648 776 718 818 καὶ
739 777 875 827 οὕτως
894 777 1078 832 ἀνόμοια
1096 780 1289 832 τμήματα
1308 786 1436 830 ποιεῖ,

113 840 215 894 ὅπερ
243 840 295 881 οὐ
316 842 515 894 φαίνεται
535 847 663 883 τοῦτο
683 843 917 895 γινόμενον
935 843 1040 884 κατὰ
1064 843 1141 884 τὸν
1159 844 1333 895 κόσμον.
1365 843 1437 884 διὰ

113 904 166 958 δὴ
192 910 326 946 ταῦτα
350 905 492 947 πάντα
518 905 539 947 6
566 906 725 958 κόσμος
749 904 839 947 ἐστὶ
864 907 1145 960 σφαιροειδὴς
1160 905 1240 948 καὶ
1261 906 1437 962 στρέφε-

112 984 180 1010 ται
213 968 380 1022 ὁμαλῶς
410 970 507 1023 περὶ
538 971 615 1012 τὸν
646 968 795 1024 ἄξονα,
826 966 878 1011 οὗ
909 969 931 1011 6
962 968 1042 1024 μὲν
1073 965 1135 1020 εἷς
1164 972 1297 1020 πόλος
1327 970 1434 1025 ὑπὲρ

112 1038 208 1086 γῆν,
233 1034 435 1087 φανερός,
460 1033 483 1075 ὁ
509 1033 557 1075 δὲ
582 1028 643 1082 εἷς
667 1033 752 1075 ὑπὸ
778 1039 861 1087 γῆν
886 1033 1055 1088 ἀφανὴς
1080 1035 1151 1076 ὥν.

173 1097 328 1151 ὁρίζων
354 1097 402 1139 δὲ
427 1098 644 1139 καλείσθω
669 1098 718 1139 τὸ
746 1098 818 1139 διὰ
842 1104 916 1151 τῆς
935 1099 1074 1148 ὅψεως
1093 1099 1213 1152 ἡμῶν
1232 1097 1437 1140 ἐπίπεδον

114 1159 321 1202 ἐκπίπτον
358 1162 419 1210 εἰς
454 1162 531 1203 τὸν
567 1162 731 1215 κόσμον
767 1162 837 1203 καὶ
875 1161 1083 1216 ἀφορίζον
1124 1163 1172 1204 τὸ
1209 1160 1318 1217 ὑπὲρ
1355 1169 1438 1216 γῆν

114 1224 336 1279 ὁρώμενον
361 1232 517 1279 τμῆμα·
549 1224 639 1268 ἔστι
666 1224 714 1268 δὲ
738 1227 912 1275 κύκλος·
956 1225 1031 1268 ἐὰν
1055 1227 1137 1280 γὰρ
1164 1234 1328 1281 σφαῖρα
1353 1225 1437 1268 ἐπι-

113 1288 229 1345 πέδῳ
254 1294 410 1345 τμηθῇ,
436 1291 461 1344 ἡ
486 1291 594 1344 τομὴ
619 1291 778 1339 κύκλος
803 1288 931 1331 ἐστίν.

171 1355 462 1408 μεσημβρινὸς
496 1352 544 1396 δὲ
574 1355 730 1403 κύκλος
761 1357 978 1396 καλείσθω
1010 1353 1032 1395 6
1066 1355 1138 1396 διὰ
1174 1361 1261 1396 τῶν
1291 1355 1438 1396 πόλων

113 1423 188 1470 τῆς
213 1419 400 1472 σφαίρας
425 1417 495 1460 καὶ
521 1418 657 1473 ὀρθὸς
680 1419 787 1472 πρὸς
812 1419 889 1460 τὸν
914 1418 1120 1471 ὁρίζοντα.

171 1482 367 1536 τροπικοὶ
406 1481 470 1533 δέ,
508 1479 571 1524 ὧν
609 1482 630 1524 ὁ
670 1483 741 1524 διὰ
777 1481 919 1534 μέσων
955 1489 1042 1523 τῶν
1080 1483 1244 1539 ζῳδίων
1280 1483 1438 1532 κύκλος

115 1543 347 1599 ἐφάπτεται
372 1548 475 1596 τοὺς
500 1546 658 1596 αὐτοὺς
682 1549 844 1595 πόλους
870 1545 1058 1600 ἐχόντων
1087 1553 1138 1601 τῇ
1164 1548 1338 1602 σφαίρᾳ.

173 1609 195 1650 ὁ
229 1607 276 1651 δὲ
302 1611 374 1652 διὰ
399 1610 542 1663 μέσων
567 1618 653 1652 τῶν
679 1611 843 1668 ζῳδίων
866 1611 1024 1659 κύκλος
1047 1609 1117 1651 καὶ
1144 1610 1166 1652 ὁ
1194 1611 1439 1665 ἰσημερινὸς

113 1673 311 1728 μέγιστοί
333 1675 462 1716 εἰσιν·
506 1675 604 1729 δίχα
629 1676 710 1729 γὰρ
737 1674 970 1727 τέμνουσιν
995 1673 1222 1728 ἀλλήλους·
1259 1675 1331 1728 ἥτε
1356 1676 1436 1728 γὰρ

115 1737 222 1792 ἀρχὴ
248 1745 326 1780 τοῦ
351 1741 493 1793 Κριοῦ
517 1740 589 1781 καὶ
613 1739 639 1793 ἡ
665 1739 772 1793 ἀρχὴ
798 1746 885 1780 τῶν
903 1741 1060 1792 Χηλῶν
1083 1739 1189 1780 κατὰ
1209 1739 1438 1792 διάμετρόν

114 1801 162 1844 τέ
193 1803 276 1844 εἰσι
309 1802 380 1844 καὶ
416 1801 484 1844 ἐπὶ
517 1809 596 1845 τοῦ
635 1804 887 1857 ἰσημερινοῦ
926 1799 1053 1844 οὖσαι
1089 1802 1194 1844 κατὰ
1232 1804 1439 1856 συζυγίαν

115 1865 399 1908 ἀνατέλλουσί
425 1882 469 1908 τε
494 1868 564 1909 καὶ
591 1867 777 1909 δύνουσι
802 1867 958 1920 μεταξὺ
985 1866 1128 1908 αὐτῶν
1151 1864 1326 1920 ἔχουσαι
1351 1873 1439 1908 τῶν

114 1928 194 1984 μὲν
219 1930 385 1972 δώδεκα
402 1932 576 1994 ζῳδίων
600 1937 677 1973 τοῦ
704 1932 913 1994 ζῳδιακου
939 1928 995 1983 ε’ξ,
1020 1936 1098 1972 τοῦ
1119 1927 1165 1972 δὲ
1173 1931 1437 1994 ἰσημερινου

175 2014 205 2045 3.
239 2010 338 2055 ἴσων]
365 1992 445 2054 ἴσην
471 2023 502 2044 v.
611 2014 642 2045 4.
674 2011 734 2046 ἐπὶ
759 2009 951 2049 ἐλάσσονος
975 2009 1053 2044 Vat.
1167 2013 1198 2043 ὁ.
1231 2010 1436 2056 κύλινδρος]

114 2057 371 2111 ᾑμικύλινδρος
395 2057 437 2102 V,
475 2057 538 2091 sed
575 2057 656 2102 ἡμι-
694 2057 763 2091 del.
795 2068 842 2090 m.
876 2060 906 2091 1.
1025 2060 1055 2091 6.
1094 2055 1269 2103 γίγνεται]
1294 2070 1315 2101 y
1347 2056 1437 2102 (alt.)

115 2104 182 2138 ins.
208 2104 389 2139 m.2Va1;.
441 2107 470 2138 7.
496 2105 633 2151 θυρεῷ]
660 2104 699 2138 in
716 2114 784 2138 ras.
806 2103 849 2147 V,
874 2105 997 2149 θηρεῷ
1019 2103 1057 2137 L.
1107 2106 1137 2137 8.
1163 2102 1380 2147 τεμνομένης
1404 2115 1435 2137 v.

117 2148 332 2195 γιγνόμενον
356 2150 438 2186 Vat
548 2154 601 2185 12.
633 2149 720 2196 ἐστι’]
747 2150 845 2185 ἔσται
870 2149 950 2184 Vat.
1059 2152 1111 2184 18.
1143 2148 1222 2202 τόν]
1248 2161 1317 2184 om.
1345 2150 1437 2191 Vat..

115 2203 187 2232 τῶν
213 2197 250 2232 L.
348 2200 400 2231 14.
434 2197 517 2243 γῆν]
549 2203 613 2242 γῆς
638 2197 720 2231 Vat.
793 2195 954 2248 ἀφανής]
980 2209 1004 2230 α
1033 2197 1116 2241 (pr.)
1146 2196 1213 2230 ins.
1238 2207 1285 2230 m.
1311 2199 1332 2229 2
1358 2207 1389 2230 v.

116 2243 178 2288 ὥν]
211 2254 281 2278 om.
308 2243 514 2302 Gregorius.
636 2247 690 2279 15.
722 2241 862 2288 ὁρίζων]
898 2242 935 2275 in
961 2252 1029 2276 ras.
1055 2253 1102 2277 m.
1129 2246 1149 2276 2
1173 2243 1216 2277 V.
1288 2241 1352 2277 διὰ
1375 2247 1438 2287 τῆς

116 2289 250 2336 ὄψεως]
286 2288 334 2325 δι’
365 2289 446 2325 vat.
603 2294 656 2325 16.
688 2288 863 2325 ἐκπίπτον
889 2309 932 2313 -
958 2285 1150 2334 ἆφορίζον]
1183 2289 1222 2323 in
1254 2299 1322 2323 ras.
1348 2289 1389 2323 V.

116 2335 301 2382 ἀφορίζων
320 2337 506 2372 Vat.17.
532 2337 668 2383 τμῆμα]
693 2334 933 2381 ἡμισφαίριον
960 2347 981 2368 v
1007 2334 1100 2378 Vat„
1126 2348 1179 2380 γρ.
1199 2334 1438 2380 ἡμισφαίριον
