1494 2450
175 87 261 130 290
766 92 913 129 Scholia

234 231 402 275 Scholia
428 233 581 276 codicis
601 233 696 276 Vat.
717 233 783 276 Gr.
807 235 916 277 1038
942 236 1013 278 fol.
1038 236 1139 279 1292
1163 237 1240 279 sub
1264 237 1346 281 fine
1364 238 1428 282 Da
1451 215 1458 247 ζ

178 310 272 337 rum
297 296 339 337 in
370 311 453 352 mg.
479 298 686 341 inferiore.

653 403 708 474 1⁰¹
759 428 784 449 α
813 401 1420 699 Eflflfl:fl,flfl

835 504 856 535 γ
1221 507 1244 538 η

216 1267 358 1324 Ὅρων
382 1268 608 1311 δοθέντων
633 1269 855 1313 ὁποσαοῦν
880 1272 1024 1327 εὑρεῖν
1050 1273 1256 1322 δυαδικὰς
1276 1276 1488 1328 συζυγίας.

172 1332 427 1385 εὑρίσκομεν
453 1331 501 1375 δὲ
521 1334 653 1383 αὐτὰς
671 1334 825 1384 οὕτως·
858 1337 1134 1390 λαμβάνομεν
1153 1345 1239 1378 τῶν
1259 1337 1486 1380 δοθέντων

167 1397 283 1451 ὅρων
307 1398 324 1438 ῐ
355 1396 547 1452 ἀριθμὸν
576 1398 734 1450 μονάδι
767 1399 972 1442 ἐλάττονα
996 1401 1068 1442 καὶ
1091 1402 1489 1456 πολυπλασιάζομεν

167 1460 303 1503 αὐτὸν
335 1463 394 1511 εἰς
427 1462 506 1504 τὸν
536 1461 666 1515 ἐγγὺς
697 1463 831 1505 αὐτοῦ
862 1465 1020 1516 μονάδι
1050 1467 1221 1519 μείζονα
1245 1466 1315 1507 καὶ
1341 1465 1387 1507 ἐκ
1410 1471 1487 1508 τοῦ

121 1536 140 1566 5
166 1524 404 1579 γενομένου
429 1532 569 1568 ποσοῦ
595 1527 870 1581 λαμβάνομεν
895 1528 942 1569 τὸ
966 1528 1116 1582 ἥμισυ·
1148 1530 1218 1571 καὶ
1244 1531 1395 1584 ἔχομεν
1413 1529 1487 1571 αὐ-

49 1579 52 1587 ’
167 1590 246 1643 τὴν
282 1589 455 1643 εὕρεσιν
490 1597 578 1631 τῶν
615 1590 840 1632 δοθέντων
877 1591 993 1646 ὅρων
1029 1593 1237 1642 δυαδικὰς
1273 1596 1485 1647 συζυγίας.

166 1654 242 1702 τὰς
273 1651 319 1694 δὲ
351 1655 572 1708 τριαδικὰς
603 1654 756 1704 οὕτως·
797 1655 1073 1710 λαμβάνομεν
1103 1658 1180 1699 τὸν
1212 1657 1340 1699 δυάδι
1365 1656 1486 1700 ἐλάσ-

166 1728 275 1759 σονα
302 1716 494 1771 ἀριθμὸν
518 1723 596 1759 τοῦ
621 1724 760 1760 ποσοῦ
785 1726 872 1761 τῶν
898 1719 938 1769 ἐξ
966 1719 1098 1775 ἀρχῆς
1124 1720 1347 1763 δοθέντων
1371 1721 1486 1777 ὅρων

165 1781 237 1822 καὶ
266 1782 695 1836 πολλαπλασιάζομεν
725 1782 792 1824 ἐπὶ
818 1784 865 1825 τὸ
890 1784 1028 1826 ποσὸν
1052 1785 1100 1825 τὸ
1125 1785 1304 1839 γεγονὸς
1329 1784 1374 1827 ἐκ
1397 1793 1486 1827 τῶν

98 1857 140 1887 10
166 1845 387 1887 δυαδικῶν
406 1848 622 1899 συζυγιῶν
641 1845 687 1887 ἐκ
705 1852 782 1888 τοῦ
802 1853 940 1889 ποσοῦ
959 1855 1046 1889 τῶν
1059 1848 1284 1891 δοθέντων
1298 1847 1339 1898 ἐξ
1353 1847 1484 1904 ἀρχῆς

166 1908 283 1963 ὅρων
314 1909 384 1950 καὶ
413 1914 491 1950 τοῦ
516 1911 748 1963 γεγονότος
771 1914 1182 1966 πολλαπλασιασμοῦ
1208 1912 1484 1967 λαμβάνομεν

164 1973 212 2014 τὸ
246 1974 396 2028 τρίτον
428 1972 572 2028 μέρος·
612 1974 683 2015 καὶ
715 1971 869 2029 ἔχομεν
901 1976 1124 2030 τριαδικὰς
1157 1978 1371 2030 συζυγίας.
1411 1975 1483 2018 καὶ

165 2036 260 2091 ἑξῆς
284 2037 452 2092 ὁμοίως.

222 2100 432 2152 Μέθοδος
457 2103 517 2151 εἰς
542 2104 644 2152 τοὺς
667 2105 951 2157 τριγωνικοὺς
978 2103 1203 2159 ἀριθμούς.

224 2201 257 2243 1)
283 2199 511 2241 Quadratum
534 2211 700 2235 vacuum.

204 2285 270 2363 13.ίὶ
289 2279 466 2328 ἀριθμόν]
498 2293 568 2317 om.
599 2282 733 2318 lacuna
763 2284 900 2320 relicta
1069 2288 1098 2319 7.
1132 2284 1196 2325 τὰς
1226 2283 1280 2330 δέ]
1311 2295 1380 2320 om.
1411 2284 1479 2319 lac.

163 2338 203 2363 re
219 2338 252 2363 ιο
272 2338 305 2364 a.
