1494 2450
384 48 587 85 SCHOLIA
611 47 662 83 IN
688 45 1028 83 PHAENOMENA
1295 45 1379 87 135

34 163 139 206 κλου
169 166 326 215 τμῆμα,
357 156 427 201 καὶ
460 154 566 200 οὐδὲ
591 157 749 200 κύκλοι
774 156 824 199 δὲ
849 151 939 199 εἶεν
964 151 1104 210 οὗτοι,
1136 154 1247 198 ἀλλὰ
1272 169 1380 210 παρ-

20 225 326 284 ῥεγκεκλιμένοι
351 225 404 267 τὰ
427 224 626 280 μάλιστα.

20 287 22 324 ἕ
91 292 154 335 10.
186 291 265 346 Μὴ
296 290 414 346 παρὰ
446 290 527 345 τὴν
556 289 690 343 βάσιν
721 304 761 344 p.
783 286 871 343 6,5]
910 288 969 343 μὴ
1007 287 1272 342 παραλλήλω
1306 287 1381 341 δη-

19 354 153 414 ἔλαὸή.

93 423 157 466 11.
189 423 266 478 Μὴ
290 421 548 477 παράλληλα
573 420 691 476 παρὰ
716 419 798 475 τὴν
822 418 965 473 βάσιν.
1433 429 1453 460 5

93 488 157 531 12.
196 487 408 531 Τοιούτου
436 488 655 542 σχήματος
679 500 719 540 p.
740 484 829 540 6,7]
861 483 1010 526 κώνου
1043 483 1069 539 ἢ
1096 485 1352 539 κυλίνδρου.

91 554 155 596 13.
181 550 386 607 Ἀνόμοια
423 553 622 607 τμήματα
659 567 700 607 Ρ.
728 549 815 606 6,9]
861 550 913 591 τὰ
957 550 1066 592 κατὰ
1110 556 1247 605 μῆκος
1291 556 1383 599 τοῖς

34 619 139 662 κατὰ
162 619 331 668 πλάτος.

92 684 156 727 14.
196 684 286 727 Διὰ
321 684 375 739 δή
410 699 450 739 p.
471 682 590 738 6211]
627 682 693 725 ὅτι
730 681 974 735 ἀδύνατον,
1008 681 1087 723 τὸν
1121 682 1290 735 κόσμον
1324 681 1381 735 μὴ

16 745 141 794 »εἶναι
169 750 439 806 σφαιροειδῆ.
1410 756 1453 788 10

94 814 158 858 15.
183 815 260 858 Ἐν
291 820 351 872 τῷ
388 819 465 870 ἴσῳ
498 815 644 871 χρόνῳ
680 828 721 868 p.
744 811 832 868 8,5]
869 812 943 854 διὰ
977 812 1026 855 τὸ
1059 810 1099 866 β’
1132 817 1211 854 τοῦ
1237 811 1382 854 Αὐτο-

35 881 181 924 λύκου.

91 946 157 990 16.
184 945 411 1002 Ἑκάτερος
436 952 525 988 τῶν
550 946 802 1000 τεμνόντων
830 959 869 999 p.
891 942 1009 999 8‚14]
1043 942 1118 985 διὰ
1142 943 1191 985 τὸ
1218 940 1277 997 ιβ’
1302 949 1382 985 τοῦ

33 1010 72 1056 α’
95 1018 182 1055 τῶν
206 1015 481 1068 Σφαιρικῶν.

91 1077 156 1122 17.
183 1075 287 1120 Ἐὰν
312 1077 361 1120 δὲ
388 1076 436 1119 ἐν
462 1079 631 1133 σφαίρᾳ
656 1091 695 1131 Ρ.
718 1074 836 1131 8,25]
870 1074 945 1117 διὰ
971 1074 1021 1117 τὸ
1049 1072 1106 1129 ιβ’
1132 1079 1212 1117 τοῦ
1238 1074 1380 1117 Λύτο-
1410 1084 1453 1115 15

34 1143 177 1186 λύκου.
223 1141 270 1185 ἐκ
294 1143 455 1186 τούτου
483 1142 531 1185 δὲ
558 1143 715 1197 δῆλον,
749 1140 816 1183 ὅτι
843 1141 885 1183 οἱ
910 1138 1285 1195 προδιωρισμένοι
1313 1138 1382 1183 ἐπὶ

0 1207 3 1219 '
34 1214 110 1252 τοῦ
143 1206 200 1263 ιβ’
233 1208 361 1263 ἀργοὶ
392 1210 688 1264 φανήσονται,
721 1210 811 1261 εἴγε
845 1205 986 1256 οὕτως
1015 1206 1260 1248 κείσονται·
1304 1203 1383 1248 ἐὰν

34 1271 82 1316 ἐν
115 1275 280 1331 σφαίρᾳ
314 1273 460 1328 με’νων
493 1273 652 1323 κύκλος
686 1273 853 1315 κύκλον
887 1270 1095 1326 μέγιστον
1129 1278 1219 1313 τῶν
1251 1270 1299 1313 ἐν
1331 1277 1383 1327 τῇ

35 1342 200 1397 σφαίρᾳ
225 1340 324 1395 δίχα
350 1338 499 1396 τέμνῃ,
525 1338 597 1381 καὶ
625 1338 647 1382 ὁ
667 1337 815 1394 μένων
834 1335 1036 1393 μέγιστος
1056 1333 1188 1379 ἔσται.
1221 1335 1312 1379 ἐπεὶ
1335 1337 1383 1379 δὲ

10 1441 11 1446 ,
37 1402 60 1448 ὁ
85 1405 340 1455 Αὐτόλυκος
366 1405 418 1447 οὐ
445 1405 632 1447 δύναται
656 1403 767 1461 ὁρᾶν
785 1402 1007 1458 μέγιστον,
1034 1402 1108 1445 διὰ
1126 1408 1258 1445 τοῦτο
1277 1418 1383 1457 προ-
1409 1413 1454 1444 20

35 1463 262 1526 διορίζεται
289 1469 451 1524 λέγων·
496 1469 572 1512 ἐὰν
603 1468 653 1513 ἐν
684 1470 852 1525 σφαίρᾳ
881 1467 1028 1523 μένων
1060 1469 1220 1518 κύκλος
1251 1470 1383 1524 φερό-

35 1536 167 1590 μενόν
191 1551 290 1578 τινα
314 1541 403 1578 τῶν
429 1534 478 1577 ἐν
502 1541 554 1591 τῇ
582 1535 750 1591 σφαίρᾳ
767 1534 943 1576 κύκλων
963 1533 1029 1576 ἀεὶ
1051 1534 1151 1589 δίχα
1171 1532 1331 1587 τέμνει,
1357 1532 1380 1576 ὁ

36 1595 73 1644 δ’
103 1601 246 1657 ἔτερος
276 1601 423 1643 αὐτῶν
453 1602 559 1656 μήτε
583 1601 693 1658 πρὸς
719 1599 861 1657 ὀρθὰς
886 1595 912 1654 ᾖ
940 1606 998 1642 τῶ
1025 1598 1150 1649 ἄξονι
1175 1601 1281 1654 μήτε
1307 1599 1381 1641 διὰ

37 1671 124 1708 τῶν
141 1667 290 1709 πόλων
310 1673 385 1722 τῆς
404 1667 609 1723 σφαίρας,
636 1664 838 1720 ἑκάτερος
857 1664 1006 1707 αὐτῶν
1025 1663 1229 1720 μέγιστος
1249 1665 1381 1707 ἔσται.

7 1742 9 1760 ³
45 1743 47 1745 ’
94 1730 160 1774 18.
200 1732 288 1777 Διὰ
319 1732 367 1774 τὸ
404 1730 462 1787 ιβ’
492 1738 571 1774 τοῦ
605 1730 890 1785 Αὐτολύκου,
925 1731 962 1772 εἰ
997 1730 1235 1786 γράφεται·
1286 1729 1309 1772 ὁ
1343 1727 1382 1771 δ’
1409 1741 1454 1772 25

36 1795 176 1853 ἔτερος
201 1797 346 1840 αὐτῶν
372 1798 479 1852 μήτε
503 1797 613 1853 πρὸς
639 1795 779 1850 ὀρθὰς
805 1790 831 1851 ᾗ
851 1800 912 1852 τῷ
933 1794 1055 1846 ἄξονι
1074 1797 1180 1850 μήτε
1201 1795 1275 1838 διὰ
1294 1802 1383 1837 τῶν

34 1861 192 1920 πόλων,
217 1861 327 1905 ἀλλὰ
351 1863 409 1917 μὴ
435 1862 649 1918 γράφεται
675 1859 961 1917 ’μηδέτερον’.

95 1926 158 1969 19.
197 1929 252 1969 Τί
275 1926 487 1982 ἐξαλλαγὴ
512 1933 588 1982 τῆς
612 1927 894 1982 περιφερείας
918 1925 943 1981 ἢ
970 1926 1281 1982 ἡμισφαιρίοω

48 2047 51 2052 ¹
94 1992 161 2035 20.
190 1991 237 2035 P.
259 1992 375 2049 10,3]
401 1991 601 2035 τουτέστι
620 1993 716 2035 τότε
736 1991 956 2047 διέρχεταί
972 2007 1038 2042 τις
1057 1991 1314 2048 περιφέρεια
1334 1993 1382 2035 τὸ

0 2063 6 2129 ’ἑ
37 2058 230 2113 φανερὸν
248 2058 540 2114 ἡμισφαίριον
560 2057 888 2110 ἐξαλλάσσουσα
907 2058 987 2112 τὴν
1007 2059 1184 2112 κίνησιν
1203 2056 1287 2100 ἀπὸ
1303 2064 1382 2101 τοῦ
1410 2068 1454 2100 30

0 2168 5 2204 ς
96 2160 149 2192 10.
174 2157 234 2193 V⁸.
311 2161 364 2192 11.
390 2156 474 2193 Vat'
494 2157 548 2203 ΡΞ.
622 2162 676 2192 12.
706 2157 857 2192 V³lvv¹.
935 2160 989 2192 13.
1016 2156 1175 2192 V⁸lvv¹.
1251 2161 1305 2193 14.
1332 2157 1383 2192 V²

37 2202 197 2287 ξᾶὓῖγῑζι..
246 2209 301 2239 15.
327 2204 425 2240 V²B.
484 2208 539 2240 16.
564 2204 684 2240 V²113.
742 2208 797 2241 17.
823 2204 905 2239 V21.
965 2207 1020 2240 18.
1045 2203 1183 2240 BGM⁸.
1237 2209 1290 2240 19.
1316 2205 1381 2239 Vl.

0 2364 4 2376 ,
46 2352 49 2358 «
95 2337 126 2369 9.
153 2335 200 2381 μὴ
226 2333 324 2372 εἶναι
347 2334 412 2372 τὸν
438 2335 577 2381 κόσμον
603 2336 677 2371 Vat
702 2348 736 2381 p.
818 2340 874 2370 27.
901 2335 1046 2386 πάλλων
1070 2336 1118 2370 Μ.
