1494 2450
110 775 152 807 10

109 1095 151 1126 15

105 1415 150 1446 20

105 1736 148 1767 25

180 84 267 126 240
696 85 994 121 FRAGMENTA

179 193 506 245 πολυπληθείας
523 192 572 233 ἓν
591 191 616 246 3}
637 191 772 245 ὀλίγα.
809 193 918 246 πρὸς
942 192 1050 248 ἀρχῇ
1075 191 1124 235 δὲ
1149 193 1262 246 ὅμως
1286 199 1365 236 τοῦ
1388 208 1419 236 π
1455 198 1458 200 ’
1485 187 1489 239 ]

179 270 258 296 του
288 257 463 310 βιβλίου
494 256 691 298 τέθεικεν
721 256 896 311 ὁμοειδῆ
927 273 1024 300 τινα
1055 255 1226 299 ἐκείνου
1263 263 1342 300 τοῦ
1377 258 1403 299 δ

180 318 382 374 λεστέρου
402 319 548 369 εἴδους
566 328 654 363 τῶν
671 323 817 362 τόπων
836 321 893 370 ὡς
913 329 930 362 ῐ
946 321 994 363 τὸ
1009 324 1188 375 πλῆθος.
1219 322 1289 363 διὸ
1303 322 1374 364 καὶ
1385 337 1436 366 πε
1491 364 1494 370 ,

179 385 330 436 λαβεῖν
360 384 517 433 ταύτας
546 390 624 440 μιᾷ
652 385 858 439 προτάσει
889 383 1175 439 ἐνδεχόμενον
1206 385 1406 439 εὑρόντες

179 462 262 496 τως
281 447 544 502 ἐγράψαμεν·
570 447 646 490 ἐὰν
665 450 822 490 ὑπτίου
843 449 868 503 3}
887 450 1132 504 παρυπτίου
1146 451 1245 503 τρία
1258 450 1309 491 τὰ
1323 448 1390 492 ἐπὶ
1395 442 1494 529 μιᾷ

179 518 332 566 σημεῖα
357 511 382 565 3}
408 514 686 566 παραλλήλου
711 518 785 566 τῆς
812 511 956 566 ἑτέρας
976 514 1026 554 τὰ
1051 514 1132 555 δύο
1153 508 1411 566 δεδομένα
1385 530 1425 570 ῃ,
1446 512 1494 579 ᾗ

179 573 226 616 δε
245 576 375 618 λοιπὰ
393 575 547 630 πλὴν
525 577 620 626 ενὸς
639 577 821 630 ἅπτηται
840 576 963 618 θέσει
977 576 1213 630 δεδομένης
1226 577 1413 631 εὐθείας,
1430 572 1494 693 κὲ

178 637 301 680 τοῦθ’
329 639 482 690 ἅψεται
500 639 623 682 θέσει
643 639 876 694 δεδομένης
897 640 1080 690 εὐθείας.
1124 639 1241 682 τοῦτ’
1266 639 1336 682 ἐπὶ
1353 651 1454 684 τεσσ

178 719 269 756 ρων
289 719 370 756 μεν
394 704 583 746 εὐθειῶν
607 708 772 758 εἴρηται
797 706 956 758 μόνων,
982 699 1044 746 ὧν
1070 705 1122 747 οὐ
1149 708 1345 754 πλείονες
1371 704 1397 759 ἢ
1421 688 1494 754 din

178 768 251 809 διὰ
283 773 363 810 τοῦ
394 769 530 810 αὐτοῦ
555 770 733 823 σημείου
759 769 885 822 εἰσίν,
920 769 1138 822 ἀγνοεῖται
1170 766 1217 810 δε
1248 768 1317 810 ἐπὶ
1340 768 1494 819 παντὸς

176 838 254 873 τοῦ
279 831 618 887 προτεινομένου
642 833 842 885 πλήθους
867 830 1026 886 ἄληθες
1051 833 1247 888 ὑπάρχον
1272 833 1408 882 οὕτως
1435 835 1494 877 λεε-

177 897 364 950 γόμενον
401 929 409 937 .
435 930 443 937 .
469 928 479 937 .
516 897 594 939 τὸν
632 894 679 938 δὲ
710 898 1003 950 Στοιχειωτὴν
1033 897 1114 938 οὐκ
1145 898 1258 946 εἰκὸς
1293 895 1494 951 ἀγνοῆσαι

176 965 326 1012 τοῦτο,
356 961 436 1014 τὴν
467 959 504 1002 δ’
537 960 673 1016 ἀρχὴν
703 962 843 1014 μόνην
874 960 1008 1011 τάξαι.
1056 960 1127 1003 καὶ
1153 960 1223 1003 ε’πὶ
1249 960 1423 1003 πάντων
1450 957 1494 1007 δὲ

175 1031 263 1066 τῶν
299 1025 578 1079 πορισμάτων
615 1027 815 1079 φαίνεται
853 1025 985 1079 ἀρχὰς
1021 1025 1092 1067 καὶ
1131 1024 1350 1079 σπέρματα
1391 1025 1494 1077 μόνα

175 1090 334 1142 πλήθει
369 1092 546 1130 πολλῶν
581 1088 650 1130 καὶ
689 1090 888 1142 μεγάλων
923 1088 1313 1143 καταβεβλημένος,
1353 1085 1415 1130 ὧν
1448 1086 1494 1134 τὸ

176 1151 280 1206 γένη
315 1153 367 1194 οὐ
401 1154 507 1195 κατὰ
540 1154 614 1202 τὰς
647 1161 735 1195 τῶν
770 1152 1027 1195 ὑποθέσεων
1061 1154 1273 1207 διαφορὰς
1310 1151 1494 1198 διαστέλ-

176 1220 270 1258 λειν
294 1218 379 1271 δεῖ,
410 1217 519 1259 ἀλλὰ
544 1218 650 1259 κατὰ
674 1218 748 1267 τὰς
780 1224 867 1259 τῶν
898 1218 1233 1271 συμβεβηκότων
1258 1215 1330 1258 καὶ
1355 1219 1494 1270 ζητοιῂ-

174 1279 329 1333 μένων.
364 1281 409 1322 αἱ
428 1281 508 1334 μὲν
533 1282 615 1336 γὰρ
634 1280 868 1330 ὑποθέσεις
887 1281 1047 1322 ἅπασαι
1067 1280 1356 1335 διαφέρουσιν
1375 1278 1494 1334 ἀλλή-

176 1347 264 1386 λων
295 1345 566 1386 εῑδικώταται
600 1342 741 1398 οὖσαι,
775 1352 863 1386 τῶν
895 1342 944 1386 δὲ
974 1346 1307 1399 συμβαινόντων
1337 1345 1407 1386 καὶ
1432 1346 1494 1399 ζη-

175 1409 401 1461 τουμένων
425 1408 607 1450 ἕκαστον
631 1409 679 1451 ἓν
703 1407 775 1450 καὶ
800 1410 848 1450 τὸ
872 1409 977 1450 αὐτὸ
998 1408 1050 1450 ὃν
1068 1412 1247 1458 πολλαῖς
1265 1407 1494 1467 ὑποθέσεσι

176 1474 406 1526 διαφόροις
437 1472 690 1527 συμβέβηκε.
727 1472 930 1526 ποιητέον
961 1469 1043 1514 οὖν
1073 1471 1121 1514 ἐν
1151 1469 1231 1526 μὲν
1260 1475 1320 1528 τῷ
1344 1471 1494 1529 πρώνφ

174 1537 329 1592 βιβλίῳ
363 1542 498 1578 ταῦτα
531 1537 583 1578 τὰ
615 1536 719 1591 γένη
753 1545 840 1578 τῶν
875 1536 923 1578 έν
948 1543 1051 1586 ταῖς
1086 1534 1317 1589 προτάσεσι
1355 1538 1494 1588 ζητουμ-

174 1600 333 1653 μένων·
360 1599 407 1642 ἐν
432 1601 540 1656 ἀρχῇ
564 1598 644 1653 μὲν
669 1607 747 1643 τοῦ
772 1603 948 1655 βιβλίου
974 1600 1220 1655 διάγραμμα
1245 1605 1394 1641 τοῦτο·
1492 1642 1494 1654 1

234 1663 309 1706 ἐὰν
334 1664 416 1706 ἀπὸ
443 1665 524 1706 δύο
550 1663 799 1719 δεδομένων
824 1666 1012 1718 σημείων
1035 1665 1144 1719 πρὸς
1171 1662 1294 1706 θέσει
1326 1663 1427 1704 δεδο
1493 1658 1494 1664 ’

174 1744 257 1782 νην
293 1729 464 1770 εὐθεῖαι
501 1732 773 1781 κλασθῶσιν,
812 1727 1028 1782 ἀποτέμνῃ
1067 1725 1115 1770 δὲ
1151 1728 1226 1780 μία
1261 1727 1342 1768 ἀπὸ
1377 1725 1460 1768 θέσ

235 1841 264 1870 1.
292 1836 332 1872 ἓν
356 1835 394 1883 ἢ]
419 1837 542 1879 Littr6‚
570 1837 608 1871 ἐν
634 1834 671 1880 ἧι
698 1837 795 1879 οοᾶ.;
822 1837 902 1872 ἔνια
927 1837 1069 1879 Breton,
1096 1836 1260 1870 Hultsch.
1393 1837 1460 1880 &02

175 1882 291 1928 ἀρχὴν
317 1883 595 1927 cod.‚Hu1ts0h.
693 1882 733 1918 δὲ
760 1883 855 1928 ὅμως
895 1883 955 1918 uel
980 1884 1020 1919 δὲ
1045 1881 1159 1928 μόνον
1184 1893 1269 1927 ego,
1302 1883 1434 1942 ὃεδομέ
1474 1919 1476 1922 ,

175 1934 349 1972 sequente
368 1930 499 1964 lacuna
517 1931 608 1972 cod.
634 1930 705 1965 del
725 1930 893 1965 Hultsc.
989 1934 1019 1964 2.
1045 1930 1140 1973 τινα]
1166 1935 1242 1964 πᾶν
1268 1929 1358 1972 cod„
1383 1928 1435 1964 πά
1475 1935 1481 1971 ‘2

175 1975 338 2011 Hultsch.
413 1981 444 2011 6.
471 1975 551 2021 ἢ-
565 1976 634 2017 τὰ(
637 1978 717 2021 p.r)]
744 1976 814 2012 del.
836 1976 1003 2011 Hultsoh.
1028 1981 1091 2021 τῆς
1116 1974 1253 2022 ἑτέρας]
1279 1975 1383 2019 ἕτερα
1407 1986 1449 2011 co
1479 1992 1482 1999 ¹

174 2021 340 2057 Hultsoh.
367 2023 450 2069 δύο]
476 2034 545 2057 om
567 2023 657 2066 cod„
683 2023 767 2058 add
788 2023 944 2058 Hultsch
970 2034 1051 2057 oum
1078 2022 1254 2057 Simsono.
1323 2026 1375 2056 11
1401 2024 1439 2057 λε

174 2070 298 2115 μενον]
331 2080 425 2113 quae
457 2071 673 2114 sequuntur,
709 2070 755 2104 ad
785 2069 920 2104 librum
951 2069 1112 2103 Euclidis
1145 2067 1401 2103 illustrandum
1426 2080 1451 2103 n

173 2117 367 2160 pertinent.
455 2121 508 2151 16
539 2116 691 2162 πλήθει]
716 2119 871 2161 πληθῶν
897 2116 975 2150 cod.
1001 2118 1036 2150 et
1060 2115 1232 2158 Hultsoh‚
1258 2115 1321 2159 qui
1345 2117 1416 2159 πλη
1418 2118 1447 2150 θ’

175 2181 218 2187 —-
244 2162 408 2207 μεγάλων
433 2162 503 2197 del
647 2167 702 2197 18.
728 2162 766 2197 αἱ
794 2183 836 2188 -—
863 2167 916 2197 21.
944 2173 986 2197 συ
988 2162 1102 2208 μηβέβ
1105 2175 1144 2198 κε
1187 2162 1256 2196 del.
1283 2161 1452 2197 Hultsch.

176 2211 229 2243 18.
256 2208 339 2254 γὰρ]
366 2208 1025 2255 οω.οο(ἱ.Ηι11ί;εοὴ.21.συΜβέ
1026 2209 1107 2255 nuc]
1167 2208 1273 2251 alley,
1300 2207 1434 2253 συμβέβ

172 2259 238 2290 τῶι
261 2261 377 2290 ταῦτα
401 2254 488 2300 γένη
513 2255 610 2298 cod.‚
642 2254 753 2302 συμβέ
778 2268 841 2300 ηκε
867 2256 1093 2298 διαιρεῖσθαι
1118 2255 1283 2290 Hultsch.
1379 2258 1433 2289 23.

175 2321 218 2326 —-
243 2302 364 2347 τοῦτο]
391 2301 461 2336 del.
482 2301 646 2338 Hultsch.
767 2300 899 2348 ιβλίου]
924 2301 953 2343 ζ’
979 2301 1069 2344 cod„
1096 2300 1258 2337 Hulteoh.
