1456 2456
105 389 314 440 Quoniam
330 386 478 429 stellae
492 385 728 426 inerrantes
744 398 912 438 semper
927 398 978 425 ex
992 382 1141 424 eodem
1157 383 1252 424 loco
1268 383 1402 424 orien-

46 459 110 499 tes
136 457 179 498 et
203 454 246 495 in
274 453 454 495 eundem
480 451 620 493 locum
647 449 888 492 occidentes
915 448 1236 503 conspiciuntur
1257 450 1299 489 et
1318 462 1403 502 eae,

48 536 154 577 quae
180 518 308 561 simul
335 517 543 571 oriuntur,
570 529 737 570 semper
762 513 891 556 simul
918 514 1103 556 orientes
1124 515 1167 555 et
1186 528 1271 569 eae,
1297 528 1404 568 quae

49 585 175 629 simul
201 583 417 637 occidunt,
443 596 610 636 semper
636 580 766 622 simul
791 580 1032 622 occidentes
1059 580 1187 634 atque
1213 578 1258 620 in
1284 581 1405 620 motu

48 652 100 695 ab
127 653 223 693 ortu
249 649 301 692 ad
327 662 523 691 occasum
551 646 695 688 eadem
723 646 835 687 inter
861 660 904 686 se
938 644 1161 687 intervalla
1187 644 1406 698 habentes,

50 717 93 760 id
117 718 260 758 autem
286 715 337 756 fit
362 715 405 756 in
426 713 479 755 iis
500 714 653 763 solum,
681 726 788 766 quae
809 710 1005 753 circulari
1026 713 1147 752 motu
1167 712 1407 765 moventur,

51 797 144 824 cum
170 781 285 823 visus
313 780 356 821 in
383 793 530 822 omnes
555 780 697 832 partes
725 777 776 819 ab
798 777 962 818 ambitu
988 776 1156 831 aequali
1182 775 1407 817 intervallo

52 847 191 902 distet,
218 848 267 888 ut
292 846 334 887 in
363 843 520 900 opticis
542 843 871 897 demonstratur,
896 841 1141 896 ponendum
1162 843 1237 896 est,
1263 842 1407 883 stellas

52 912 247 956 circulari
271 913 391 953 motu
424 908 587 951 moveri
619 910 662 949 et
693 907 738 949 in
770 922 855 949 uno
888 921 1065 962 corpore
1097 906 1285 963 illigatas
1318 921 1409 948 esse

53 981 96 1022 et
130 978 268 1020 visum
302 991 326 1017 a
352 973 705 1018 circumferentiis
737 972 972 1028 aequaliter
1003 972 1170 1015 distare.
1222 973 1411 1014 cernitur

53 1046 195 1086 autem
227 1042 351 1084 stella
382 1040 589 1096 quaedam
622 1039 733 1080 inter
766 1039 1094 1094 septentriones,
1129 1053 1237 1093 quae
1268 1038 1409 1080 locum

53 1109 104 1152 de
122 1109 218 1151 loco
238 1122 324 1149 non
345 1108 496 1162 mutat,
517 1105 589 1146 sed
611 1118 695 1159 quo
716 1104 811 1146 loco
833 1106 908 1159 est,
929 1118 979 1146 eo
1000 1103 1276 1146 convertitur.
1303 1117 1411 1158 quae

55 1190 151 1218 cum
186 1173 239 1215 ad
274 1171 639 1215 circumferentias
681 1169 956 1224 circulorum,
994 1184 1069 1224 per
1104 1183 1211 1225 quos
1247 1171 1412 1212 ceterae

55 1240 202 1284 stellae
227 1239 436 1292 feruntur,
467 1238 511 1278 in
545 1238 692 1278 omnes
724 1237 867 1290 partes
894 1235 1129 1290 aequaliter
1155 1235 1318 1277 distans
1343 1234 1413 1276 ad-

56 1308 218 1362 pareat,
256 1303 501 1359 ponendum
534 1304 616 1356 est,
657 1315 803 1343 omnes
835 1301 1018 1343 circulos
1051 1300 1278 1356 parallelos
1311 1315 1412 1342 esse.

57 1372 198 1426 itaque
231 1384 378 1413 omnes
405 1368 552 1410 stellae
579 1368 816 1409 inerrantes
848 1381 924 1421 per
954 1366 1181 1422 parallelos
1207 1366 1414 1420 feruntur,

58 1437 130 1492 qui
143 1435 290 1492 polum
305 1435 467 1478 habent
486 1433 666 1488 stellam,
688 1447 815 1487 quam
831 1433 957 1474 modo
972 1431 1413 1474 commemoravimus.

59 1517 108 1544 ex
133 1502 187 1544 iis
211 1504 352 1543 autem
378 1500 610 1542 nonnullae
636 1512 774 1552 neque
801 1498 985 1540 orientes
1010 1512 1149 1553 neque
1175 1497 1415 1540 occidentes

59 1567 389 1622 conspiciuntur,
415 1566 515 1621 quia
541 1566 586 1606 in
606 1563 863 1607 sublimibus
884 1563 1053 1606 circulis
1074 1564 1281 1618 feruntur,
1307 1577 1415 1618 quos

59 1635 213 1675 vocant
239 1646 404 1687 semper
430 1630 694 1686 conspicuos.
744 1628 825 1672 hae
857 1631 999 1671 autem
1033 1644 1104 1671 eae
1131 1628 1279 1671 stellae
1306 1631 1417 1684 sunt,

62 1713 168 1754 quae
194 1697 471 1753 conspicuum
497 1697 645 1750 polum
682 1698 919 1749 sequuntur
952 1709 1091 1750 usque
1126 1694 1178 1736 ad
1211 1694 1417 1736 arcticum

66 1763 280 1806 circulum.
332 1765 375 1804 et
399 1761 444 1804 in
469 1761 706 1804 minoribus
734 1760 904 1803 circulis
936 1775 1008 1801 eae
1041 1759 1187 1803 stellae
1212 1761 1420 1814 feruntur,

65 1843 171 1884 quae
189 1828 289 1884 polo
310 1828 530 1883 propiores
551 1830 662 1882 sunt,
682 1826 869 1868 maximo
891 1828 1048 1881 autem,
1068 1840 1176 1881 quae
1195 1826 1241 1867 in
1260 1825 1418 1867 arctico

64 1897 180 1950 sunt,
220 1908 327 1949 quae
365 1894 494 1935 etiam
528 1892 795 1934 horizontem
835 1892 1032 1934 radentes
1069 1892 1285 1946 adparent.
1348 1906 1420 1933 eae

65 1963 224 2015 autem,
256 1973 363 2014 quae
394 1959 615 2000 meridiem
648 1972 795 2000 versus
827 1957 904 1999 has
938 1957 1138 2013 deinceps
1172 1959 1421 2012 sequuntur,

65 2077 158 2109 μενοι
170 2069 236 2100 τοῦ
250 2070 416 2109 φανεροῦ
429 2063 546 2100 πόλου
567 2076 615 2098 m.
631 2063 764 2106 2Vat.;
790 2063 901 2106 idem,
922 2063 1007 2098 add.
1022 2077 1077 2109 γρ.
1093 2063 1132 2097 in
1146 2063 1255 2108 mg.V
1269 2074 1315 2096 m.
1329 2066 1361 2105 2,
1383 2062 1420 2096 L.

66 2115 121 2147 21.
141 2112 203 2148 ἐπὶ
222 2110 430 2148 ἐλαὰσόνων
450 2110 517 2156 μὲν
536 2111 692 2156 κύκλων]
714 2110 905 2157 ἐλάχιστον
925 2111 991 2156 μὲν
1011 2111 1149 2146 κύκλον
1159 2111 1241 2145 Vat.
1293 2114 1349 2144 22.
1365 2110 1422 2155 ἐγ-

68 2172 168 2204 γειον
186 2159 230 2203 V,
258 2159 323 2194 sed
344 2173 359 2194 ε
387 2159 479 2204 (alt.)
504 2159 655 2203 punctis
682 2158 753 2194 del.
811 2157 961 2203 ἀστέρες
980 2179 1025 2184 —
1046 2161 1101 2193 23.
1122 2158 1314 2202 ἀρκτικοῦ]
1349 2169 1422 2202 mg.

67 2207 207 2250 m.1V;
239 2206 551 2250 ἑπὶ-ἆρκτικοῦ
576 2218 650 2251 mg.
671 2206 731 2249 Ll;
764 2217 835 2241 om.
857 2205 907 2248 v‘3
940 2205 1109 2251 μέγιστον
1142 2204 1183 2240 δὲ
1210 2205 1245 2240 οἱ
1271 2205 1331 2239 ἐπὶ
1357 2210 1423 2239 τοῦ

69 2254 261 2298 ἀρκτικοῦ·
296 2253 332 2289 οἱ
358 2253 399 2289 δὲ
424 2255 485 2289 ἐπὶ
510 2260 576 2289 τοῦ
601 2255 779 2298 ἀρκτικοῢ
810 2253 949 2289 κύκλου
983 2253 1085 2293 ὄντες
1103 2253 1186 2288 Vat.
1238 2251 1422 2297 μεγίστου]

70 2299 246 2347 μεγίστων
272 2313 303 2336 v,
354 2305 410 2336 23.
438 2301 474 2337 οἳ
499 2300 579 2348 καί]
606 2302 773 2337 om.Vat.
825 2305 881 2335 24.
908 2301 1044 2346 πάντα]
1066 2301 1188 2345 πάντη
1215 2312 1246 2343 ν,
1273 2299 1424 2334 ἅπαντα

71 2348 152 2384 vat.

1165 2412 1177 2440 1
1193 2409 1211 2428 ἦε
