1494 2450
546 60 890 96 PHAENOMENA
1314 58 1394 100 107

593 167 774 202 Recensio
801 167 837 203 b.

101 229 214 273 XVI.
247 229 405 272 Cirouli
432 228 595 271 zodiaci
620 243 743 270 arcus
769 229 966 284 aequales
992 243 1080 270 uon
1102 228 1270 283 aequali
1291 231 1395 271 tem-

44 310 143 352 pore
174 295 402 338 obscurum
435 293 794 350 hemisphaerium
828 296 1089 349 permutant,
1128 294 1200 336 sed
1232 297 1282 349 is,
1321 297 1395 349 qui

14 375 19 385 ¹
43 360 215 405 hiemali
239 362 404 416 tropico
431 362 607 415 propior
632 362 708 413 est,
734 359 894 402 maiore
922 374 1088 415 semper
1113 361 1307 414 tempore
1332 375 1395 402 re-

45 429 232 478 motiore,
271 425 440 481 aequali
472 427 614 467 autem
640 428 685 480 ii,
725 428 801 480 qui
827 425 880 466 ab
907 427 1073 467 utrovis
1100 427 1300 467 contactu
1327 441 1395 468 ae—

12 495 13 498 ’
44 492 157 548 quali
182 494 320 547 spatio
348 491 520 533 distant.

101 560 156 600 sit
185 560 230 599 in
254 557 414 599 mundo
441 557 619 599 horizon
647 559 690 598 A
699 559 736 598 Β
748 558 800 611 Γ,
832 559 874 598 et
907 558 1092 598 aestivus
1118 556 1311 611 tropicus
1338 558 1395 599 sit

44 625 138 676 AB,
162 622 355 665 hiemalis
382 624 525 664 autem
551 625 744 677 tropicus
770 622 827 664 sit
855 624 944 674 FT,
977 624 1019 663 et
1046 622 1230 664 circulus
1256 622 1393 664 zodia-

6 691 8 695 '
46 702 122 731 eus
155 690 412 744 positionem
451 688 608 731 habeat
640 690 793 741 ΑΓΕ,
832 691 874 730 et
912 688 1158 730 auferantur
1195 689 1394 743 aequales

5 757 8 763 ”
44 768 162 797 arcus
191 757 301 807 ΛΕ,
327 756 430 806 ΕΖ;
469 753 584 810 dieo,
616 757 724 808 AE,
751 756 836 795 ΕΖ
873 768 961 795 non
998 754 1166 808 aequali
1198 756 1394 809 tempore

4 859 5 862 ,
44 819 252 862 oecultum
278 818 640 874 hemisphaerium
666 821 927 874 permutare,
963 819 1036 862 sed
1062 822 1221 861 maiore
1247 835 1393 861 areum

42 887 131 927 AE
153 899 252 926 areu
278 888 374 926 EZ.

1 995 2 998 Ἴ
98 964 197 991 nam
228 950 476 992 auferantur
507 965 630 992 arcus
662 950 844 993 arcubus
869 955 979 1006 ΔΕ,
1005 955 1089 993 ΕΖ
1122 951 1319 1006 aequales
1352 954 1394 994 et

0 1059 6 1085 Ι,
43 1015 227 1070 oppositi
254 1018 305 1057 Η
308 1018 365 1070 Θ,
395 1018 492 1058 ΘΚ.
542 1016 686 1071 itaque
714 1032 835 1059 arcus
863 1019 915 1059 Η
920 1020 969 1071 Θ,
1000 1019 1090 1059 ΘΚ
1112 1031 1198 1059 non
1224 1017 1392 1073 aequali

0 1091 3 1109 ³
1035 1085 1229 1137 tempore
1296 1098 1393 1125 oon-

1033 1148 1229 1203 spiouum
1261 1147 1392 1192 hemi·

1035 1213 1281 1268 sphaerium
1300 1230 1391 1270 per-

1071 1281 1253 1334 mutant,
1279 1281 1351 1323 sed

1033 1348 1193 1387 maiore
1295 1349 1346 1388 H
1354 1350 1392 1388 Θ

1032 1411 1390 1467 quamK&[prop.

1032 1475 1172 1532 XIV].
1241 1491 1390 1519 verum

1033 1556 1117 1596 quo
1198 1544 1391 1597 tempore

1033 1610 1126 1649 ΗΘ
1170 1612 1391 1664 conspicu-

1032 1688 1104 1714 um
1124 1673 1390 1729 hemisphae-

1029 1738 1143 1780 rium
1162 1742 1390 1795 permutat,

1031 1819 1081 1846 eo
1122 1808 1213 1846 ΔΕ
1252 1806 1389 1847 occul-

1030 1871 1148 1922 tum,
1205 1873 1248 1913 et
1304 1886 1389 1926 quo

1031 1937 1224 1990 tempore
1302 1940 1394 1980 ΘΚ

1031 2001 1309 2057 conspicuum
1320 2003 1390 2045 he·

1032 2066 1277 2121 sphaerium
1297 2083 1389 2123 per-

41 2126 188 2180 mutat,
213 2140 262 2168 eo
282 2130 361 2169 EZ
387 2128 602 2172 occultum
624 2130 761 2187 [prop.
782 2130 895 2187 XV]
928 2147 1029 2189 ergo
1050 2147 1173 2174 arcus
1193 2137 1290 2188 AE,
1310 2137 1390 2176 ΕΖ

39 2201 125 2231 11011
155 2192 323 2246 aequali
354 2195 544 2250 tempore
577 2197 794 2239 oecultum
825 2197 1188 2253 hemisphaerium
1220 2213 1388 2258 permu-

40 2255 144 2312 tant,
172 2255 244 2297 sed
269 2260 431 2302 maiore
457 2263 543 2303 AE
566 2275 694 2319 quam
721 2265 815 2308 EZ.
