1494 2450
114 454 133 484 5

90 774 133 805 10

88 1123 130 1155 15

86 1473 130 1503 20

86 1793 128 1824 25

1419 0 1489 32 W}

165 62 245 103 140
503 61 700 97 SCHOLIA
725 62 775 96 IN
801 61 1133 97 PHAENOMENA
1435 34 1451 66 ’.ἶ
1487 44 1489 47 ¹

660 168 732 210 Ad
756 183 891 223 prop.
911 167 984 211 IV.

219 251 287 292 60.
321 245 430 292 Οἷον
455 250 513 299 ὡς
533 250 601 292 ἐπὶ
620 256 698 292 τοῦ
718 251 928 307 ζῳδιακοῦ
950 251 1140 292 δύνατον
1159 249 1230 292 καὶ
1249 249 1317 293 ἐπὶ
1337 251 1475 297 ἄλλοῑ.
1444 153 1494 293 Ξ

1452 366 1494 410 1

1444 95 1489 108 .‹

1487 110 1494 167 13

219 314 286 355 61.
313 312 457 367 Ὁμοία
483 314 565 368 ἄρα
591 329 629 368 p.
650 313 706 355 26
709 313 794 368 ,14]
823 314 894 355 διὰ
918 314 966 355 τὸ
994 311 1051 366 ιγ’
1074 319 1152 355 τοῦ
1177 314 1219 367 β’
1236 321 1323 356 τῶν
1341 317 1492 369 Σφὼ

160 386 306 433 ρικῶν.

218 442 285 484 62.
325 443 467 495 Λοιπὴ
505 443 587 494 ἄρα
623 456 661 496 p.
689 441 744 482 26
747 441 833 496 ,15]
870 440 1016 494 ἐπειδὴ
1051 447 1132 491 πᾶς
1165 442 1321 491 κύκλος
1353 440 1494 487 navit

161 507 304 562 κύκλῳ
331 506 477 560 ὅμοιός
503 505 630 547 ἐστιν.

218 570 283 612 63.
316 569 441 624 Λέγω
468 570 535 612 ὅτι
559 585 598 624 p.
618 569 674 611 26
675 570 762 625 ,23]
790 569 814 624 ἢ
840 569 911 611 καὶ
936 569 1093 619 οὕτως·
1127 569 1249 624 λέγω,
1275 570 1341 613 ὅτι
1365 571 1411 612 τὸ
1435 560 1482 615 Η

159 637 371 688 πρότερον
402 634 576 676 δύνεται
602 640 680 676 τοῦ
709 637 754 676 Z.
798 633 888 676 ἐπεὶ
915 634 996 688 γὰρ
1025 633 1048 686 ἡ
1074 635 1162 675 ΚΘ
1185 635 1339 688 μείζων
1363 633 1477 678 ἐστὶν

158 697 183 752 ἢ
210 698 337 751 ὀμοία
361 704 435 752 τῆς
461 700 572 751 ΜΛ,
604 694 666 739 ὧν
691 699 716 752 ἡ
742 700 828 740 ΚΖ
860 697 987 751 ὁμοία
1013 696 1102 740 ἐστὶ
1126 704 1177 753 τῇ
1202 701 1322 752 ΜΝ,
1353 698 1476 754 λοιπὴ

159 764 241 818 ἄρα
265 763 291 817 ἡ
315 765 396 804 ΘΖ
420 764 575 816 μείζων
601 761 718 804 ἐστὶν
742 761 768 816 ἢ
795 761 922 816 ὁμοία
945 768 1021 815 τῆς
1040 764 1133 803 ΝΛ.
1166 764 1378 816 πρότερον
1398 763 1477 818 ἄρα

158 827 334 868 δύνεται
358 827 406 868 τὸ
433 829 481 867 Ν
501 832 579 868 τοῦ
608 829 664 868 Ζ·
697 825 804 868 ἀλλὰ
829 824 899 867 καὶ
925 826 973 868 τὸ
999 828 1050 867 Η
1068 831 1146 868 τοῦ
1167 828 1216 867 Ν
1235 830 1378 883 πολλῷ
1398 827 1482 880 ἄρά

157 891 205 931 τὸ
233 893 281 932 Η
300 893 514 945 πρότερον
540 891 716 932 δύσεται
740 896 818 932 τοῦ
848 894 893 932 Ζ.

216 955 282 996 64.
310 952 457 1009 Ὁμοία
481 955 563 1009 ἄρα
588 970 626 1008 p.
648 954 793 1009 26,27]
820 955 892 995 διὰ
917 955 964 995 τὸ
991 952 1049 1007 ιγ’
1074 960 1151 996 τοῦ
1177 953 1216 1008 β’
1235 961 1322 996 τῶν
1342 957 1477 1010 Σφαι-

159 1026 305 1073 ρικῶν.

657 1110 728 1152 Ad
754 1126 889 1166 prop.
910 1110 981 1152 VI.

216 1205 282 1245 65.
316 1205 436 1247 Κατὰ
462 1206 671 1258 συζυγίαν
694 1220 732 1259 p.
754 1204 898 1259 30,27]
925 1204 1163 1257 τουτέστιν,
1189 1205 1257 1247 ὅτε
1283 1205 1478 1247 ἐναντίον

156 1269 203 1310 τὸ
230 1269 278 1310 ἓν
303 1270 441 1322 δύνει,
465 1269 513 1310 τὸ
534 1270 638 1311 ἄλλο
660 1268 895 1322 ἀνατέλλει,
920 1268 990 1310 καὶ
1011 1269 1079 1311 ὅτε
1101 1270 1223 1311 δύνει
1242 1269 1353 1322 τόδε,
1379 1269 1478 1311 ἀνα-

156 1332 295 1375 τέλλει
320 1334 368 1375 τὸ
395 1332 555 1388 ἕτερον.

215 1397 282 1439 66.
332 1397 452 1439 Κατὰ
495 1398 705 1450 συζυγίαν
747 1396 998 1438 ἀνατέλλειν
1039 1395 1109 1438 καὶ
1154 1398 1304 1438 δύνειν
1346 1394 1481 1451 ἅστροὲ

158 1460 336 1514 λέγεται,
371 1460 451 1503 ὅσα
484 1460 591 1503 κατὰ
624 1461 856 1515 διάμετρον
887 1462 991 1503 ὄντα
1022 1459 1070 1502 ἐν
1103 1465 1179 1517 ἴσῳ
1215 1462 1355 1515 χρόνω
1388 1464 1478 1511 ἴσας

155 1526 429 1581 περιφερείας
473 1524 684 1580 διέρχεται
727 1523 798 1566 καὶ
839 1525 887 1566 τὸ
930 1522 1010 1577 μὲν
1045 1525 1127 1566 ἀπὸ
1165 1524 1375 1579 ἀνατολῆς
1410 1516 1482 1585 ἐκεῖι

157 1590 285 1631 δύσιν
310 1593 548 1645 πορεύεται,
574 1590 621 1631 τὸ
649 1586 696 1631 δὲ
722 1587 804 1630 ἀπὸ
831 1589 997 1637 δύσεως
1026 1586 1088 1630 ἐπ’
1114 1588 1340 1643 ἀνατολήν.

214 1654 280 1695 67.
314 1653 407 1708 Ἴση
445 1655 527 1707 ἄρα
564 1654 590 1708 ἡ
627 1655 709 1694 ΕΒ
747 1667 785 1707 p.
812 1652 927 1707 329]
967 1651 1042 1694 ἐὰν
1080 1653 1160 1706 γὰρ
1200 1650 1485 1706 ἐπιζεύξωμεν

155 1719 230 1768 τὰς
255 1721 359 1771 ΑΒ,
385 1721 488 1771 ΕΖ,
519 1718 599 1759 δύο
632 1716 762 1759 δυσὶν
793 1716 882 1758 ἴσαι
907 1714 1099 1769 ἔσονται,
1131 1716 1187 1766 ὡς
1213 1715 1258 1758 ἐκ
1283 1722 1360 1758 τοῦ
1385 1714 1478 1757 κέν-

155 1798 260 1837 τρου
286 1782 357 1824 καὶ
382 1783 426 1823 αἱ
452 1783 605 1835 γωνίαι
631 1781 721 1823 ἴσαι
746 1781 790 1822 αἱ
815 1780 923 1823 κατὰ
946 1781 1165 1834 κορυφήν·
1197 1780 1322 1834 βάσις
1347 1781 1428 1835 ἄρα
1452 1778 1477 1834 ἡ

155 1845 237 1888 ἀπὸ
263 1852 341 1888 τοῦ
360 1849 401 1887 Ε
423 1844 493 1887 ἐπὶ
519 1846 567 1887 τὸ
587 1848 624 1887 Β
648 1846 772 1898 βάσει
798 1851 848 1900 τῇ
874 1844 957 1886 ἀπὸ
983 1850 1061 1886 τοῦ
1082 1848 1122 1885 Α
1148 1843 1215 1886 ἐπὶ
1234 1844 1282 1886 τὸ
1306 1847 1340 1885 Ζ
1361 1843 1479 1886 ἐστιν

213 1987 267 2018 60.
295 1983 385 2018 Vat¹
397 1983 503 2027 zp'X.
573 1987 626 2017 61.
653 1982 807 2018 V’Vat'.
870 1986 924 2017 62.
951 1981 1040 2017 Vat¹
1053 1981 1105 2026 p’.
1176 1985 1230 2017 68.
1258 1980 1283 2016 C
1309 1982 1368 2026 (m.
1393 1981 1479 2026 roc.)

155 2031 185 2064 A
211 2041 268 2064 ex.
339 2034 393 2065 64.
420 2029 479 2064 V¹.
541 2033 595 2064 65.
623 2028 702 2065 V’l.
764 2032 819 2064 66.
845 2028 1018 2073 Vat’p't.
1075 2031 1129 2063 67.
1155 2027 1494 2072 V’1Vat¹M⁸p¹q.÷·

213 2162 245 2194 2.
271 2157 395 2204 ἄλλου]
422 2163 494 2193 τῶν
520 2157 637 2193 ἄλλων
661 2159 691 2192 λ.
771 2161 802 2192 3.
829 2156 893 2192 διὰ
916 2156 974 2203 τό]
999 2154 1072 2192 ἀπὸ
1097 2161 1162 2192 τοῦ
1186 2156 1267 2191 Vnt.
1343 2159 1395 2191 16.
1420 2156 1494 2204 dv<

155 2203 283 2241 αντίον
308 2225 352 2230 -
380 2209 432 2239 17.
459 2204 659 2250 ἀνατέλλει]
691 2202 876 2239 ἀνατέλλει
906 2202 947 2238 τὸ
979 2201 1030 2246 ἔν,
1064 2202 1167 2238 δύνει
1196 2199 1237 2238 τὸ
1267 2201 1354 2238 ἄλλο
1384 2202 1407 2238 l.
1486 2230 1490 2240 2

155 2255 210 2287 24.
236 2249 636 2310 achV1,xatVatpp,
661 2261 731 2285 om.
756 2250 841 2285 cest.
935 2252 990 2285 25.
1016 2248 1184 2294 az(a.1t.)]
1212 2260 1281 2284 om.
1307 2261 1341 2291 q.
1391 2243 1494 2306 Pone}

156 2311 322 2343 κορυφην
347 2297 430 2332 add.
458 2296 527 2342 γάρ
553 2307 662 2340 supra
686 2308 733 2331 m.
758 2307 827 2331 roc.
854 2307 889 2340 q.
1479 2312 1494 2343 ³2¹:

1484 2355 1494 2382 i

1480 2394 1494 2415 4

1482 2417 1494 2450 i
