1494 2450
63 717 104 748 10

64 1037 106 1068 15

64 1357 108 1388 20

127 27 213 70 284
642 28 942 64 FRAGMENTA

185 137 240 176 Εἰ
277 150 332 176 κα
364 135 508 177 κώνου
546 141 678 187 τομᾶς
714 134 956 178 ὁποιασοῦν
986 135 1158 178 εὐθεῖαι
1190 135 1482 215 επιψαυωνὴζ

127 197 210 239 ἀπὸ
249 203 327 239 τοῦ
365 198 500 240 αὐτοῦ
537 201 717 251 σαμείου
754 198 951 253 ἀγμέναι,
988 201 1114 242 ἕωντι
1151 199 1200 241 δὲ
1229 198 1300 242 καὶ
1319 200 1357 246 ἄ

128 261 298 304 εὐθεῖαι
329 261 377 304 ἐν
408 266 460 318 τᾷ
488 268 567 304 τοῦ
597 264 742 304 κώνου
774 268 884 319 τομᾷ
912 264 1027 317 παρὰ
1058 264 1132 313 τὰς
1164 236 1481 316 ἐπιψαυούσαῖῗ

128 325 310 380 ἀγμέναι
347 327 418 368 καὶ
454 326 689 381 τέμνουσαι
727 326 933 379 ἀλλάλας,
970 328 1021 369 τὰ
1058 328 1339 380 περιεχόμενα
1370 309 1481 383 {aff}

130 397 216 431 τῶν
241 390 471 444 τμαμάτων
497 389 574 432 τὸν
594 390 728 433 αὐτὸν
748 389 917 440 ἑξοῦντι
937 393 1071 444 λόγον
1089 389 1183 432 ποτ’
1209 391 1381 445 ἄλλαλα,
1404 387 1479 447 ὃνξτ

128 455 179 495 τὰ
213 455 460 506 τετράγωνα
494 455 545 496 τὰ
581 453 664 496 ἀπὸ
700 461 780 496 τᾶν
811 453 1133 504 ἑπιψαυουσᾶν·
1166 454 1378 509 ὁμόλογον
1407 447 1474 501 <53²⁸

130 517 315 559 ἐσσεῖται
346 519 394 559 τὸ
427 520 735 572 περιεχόμενον
766 518 851 560 ὑπὸ
883 525 970 560 τῶν
994 523 1069 567 τᾶς
1093 517 1239 571 ἑτέρας
1264 526 1472 573 γραμμᾶςῄ

129 582 359 636 τμαμάτων
389 587 448 639 τῷ
474 583 728 638 τετραγώνῳ
759 586 819 639 τῷ
850 582 933 624 ἀπὸ
965 587 1040 631 τᾶς
1065 581 1359 631 ἐπιψαυούσας
1383 587 1472 632 τᾶςὲ

129 649 410 700 παραλλήλου
436 647 554 702 αὐτᾷ.

189 710 491 752 ἀποδέδεικται
535 708 583 752 δὲ
624 716 753 752 τοῦτο
798 710 851 751 ἐν
893 717 1001 759 τοῖς
1042 716 1286 758 κωνικοῑς
1321 690 1474 752 avoc-¹

131 774 261 880 xfssf
270 790 555 880 §Archimedes
576 839 689 893 Περὶ
702 839 895 880 κωνοειδ.
915 852 1035 892 prop.
1081 837 1113 870 E

132 901 158 942 3
184 901 223 957 (I
247 917 286 956 p.
308 902 404 957 272,
420 901 613 958 23sqq.):
1274 928 1306 957 A

182 963 263 1007 Ὃν
287 967 340 1020 δὴ
367 968 499 1020 λόγον
523 968 610 1022 ἔχει
637 966 683 1008 τὸ
703 966 974 1020 τετράγωνον
993 967 1040 1008 τὸ

133 1029 215 1072 ἀπὸ
250 1039 326 1080 τᾶς
352 1034 438 1072 ΑΖ
473 1029 571 1072 ποτὶ
607 1031 654 1071 τὸ
689 1030 960 1085 τετράγωνον
993 1031 1041 1071 τὸ

132 1093 215 1136 ἀπὸ
241 1101 316 1144 τᾶς
345 1096 450 1147 ΑΚ,
480 1100 639 1136 τοῦτον
669 1093 797 1149 ἐχέτω
823 1093 849 1135 ἁ
874 1096 923 1134 Ν
944 1094 1041 1135 ποτὶ

132 1159 212 1200 τὰν
241 1161 298 1200 M.
349 1159 392 1200 αἱ
426 1159 478 1213 δὴ
505 1158 588 1200 ἀπὸ
613 1163 688 1207 τᾶς
713 1164 843 1211 τομᾶς
869 1157 937 1199 ἐπὶ
962 1159 1042 1200 τὰν
1221 1150 1250 1183 Ζ

133 1225 215 1263 ΛΖ
241 1222 449 1276 ἀγόμεναι
473 1223 590 1277 παρὰ
615 1223 694 1264 τὰν
719 1225 762 1264 Α
769 1225 809 1264 Ε
833 1223 1041 1263 δύνανται

133 1287 184 1328 τὰ
209 1286 325 1339 παρὰ
350 1287 429 1329 τὰν
455 1287 555 1328 ἴσαν
576 1291 628 1342 τᾷ
646 1289 697 1328 Ν
715 1287 1041 1340 παραπίπτοντα

134 1351 293 1400 πλάτος
329 1348 505 1405 ἔχοντα,
549 1350 597 1399 ἃς
634 1350 759 1392 αὐταὶ
797 1349 1041 1404 ἀπολαμβά-

134 1430 256 1456 νοντι
283 1414 367 1456 ἀπὸ
392 1421 468 1465 τᾶς
491 1417 579 1456 ΛΖ
604 1414 703 1456 ποτὶ
729 1414 776 1456 τὸ
803 1418 844 1455 Δ
868 1413 1011 1468 πέρας.
1253 1420 1288 1452 K
1425 1419 1457 1452 Α

194 1477 409 1520 δέδεικται
434 1479 514 1533 γὰρ
542 1478 595 1520 ἐν
620 1486 723 1527 τοῖς
749 1486 1002 1527 κωνικοῖς.
