1494 2450
49 753 90 784 10

47 1074 88 1103 15

50 1759 90 1789 10

118 61 173 104 66
627 63 932 97 ΦΑΙΝΟΜΕΝΛ

175 169 500 225 γεγράφθωσαν
524 170 607 223 γὰρ
633 169 705 210 διὰ
730 177 818 211 τῶν
845 172 901 222 Θ,
927 171 987 222 Κ,
1013 172 1072 222 Λ,
1098 172 1153 211 M
1173 171 1437 225 παράλληλοι

115 234 267 276 κύκλοι
300 234 342 275 οἱ
368 236 478 287 ΝΘ,
505 233 609 286 ΞΚ,
637 235 737 287 ΟΛ,
765 236 884 286 ΠΜ,
922 234 993 275 διὰ
1025 233 1072 275 δὲ
1102 240 1190 275 τῶν
1218 237 1272 286 Θ,
1299 237 1343 276 Κ
1370 235 1438 287 με’-

115 309 255 352 γιστοι
292 298 443 339 κύκλοι
480 296 804 352 γεγράφθωσαν
840 295 1131 351 ἐφαπτόμενοι
1166 303 1244 339 τοῦ
1282 301 1366 340 ΡΣ
1398 299 1438 341 οὶ
1480 299 1489 318 ⁵

116 363 273 417 ΣΘΦ,
305 364 451 414 ΤΚΧ,
478 362 586 403 ὥστε
610 362 685 410 τὰς
709 359 864 415 μεταξὺ
890 368 978 402 τῶν
1003 363 1105 414 ΑΡ,
1132 364 1287 416 ΣΘΦ,
1313 365 1444 404 ΤΚΧ

116 433 203 467 τῶν
235 427 522 480 παραλλήλων
547 425 719 467 κύκλων
744 424 894 479 ὁμοίας
919 420 1048 479 εἶναι,
1079 425 1303 468 τουτέστιν
1327 427 1438 468 οὕτω

115 490 459 544 γεγράφθωσαν,
488 488 547 538 ὡς
577 489 624 530 τὸ
657 489 740 531 ἀπὸ
772 494 849 530 τοῦ
875 491 914 530 Ρ
932 488 1189 543 ἡμικύκλιον
1213 490 1271 539 ὡς
1295 489 1364 532 ἐπὶ
1388 492 1438 533 τὰ

116 557 177 608 A,
202 556 251 594 N
276 553 382 608 μέρη
415 553 702 607 ἀσύμπτωτον
733 549 844 594 εἶναι
869 561 959 602 τοῖς
983 554 1055 595 διὰ
1080 561 1168 595 τῶν
1194 557 1252 607 Σ,
1284 557 1323 595 Τ
1346 555 1439 609 ἡμι-

115 619 309 666 κυκλίοις
334 616 392 666 ὡς
417 616 485 659 ἐπὶ
509 617 562 658 τὰ
587 620 637 670 Χ,
663 619 711 658 Φ.
749 618 797 658 αι’
817 617 897 671 μὲν
922 620 1020 671 ΝΘ,
1046 617 1133 671 ΞΤ,
1155 620 1236 660 ΒΦ
1261 618 1439 661 ἀπεναν-
1487 617 1489 626 ³

117 683 212 723 τίον
238 682 366 723 εἰσίν·
409 679 481 723 καὶ
507 681 590 736 ἄρα
616 681 660 723 αὶ
689 683 792 734 ΤΚ,
821 683 917 722 ΦΧ.
967 682 1075 723 ὥστε
1101 681 1147 723 ἐν
1172 677 1205 738 ᾧ
1226 683 1272 724 τὸ
1302 685 1339 724 Θ
1362 683 1440 737 τὴν

119 747 213 786 ΘΝ
233 744 465 800 διέρχεται,
499 744 547 787 ἐν
577 745 717 802 τούτῳ
743 746 840 787 τότε
870 748 907 785 Τ
927 746 1008 799 τὴν
1037 745 1118 792 ΥΞ
1140 746 1438 801 διαπορεύεται

114 809 186 850 καὶ
212 809 259 850 τὸ
291 811 330 850 Φ
353 809 434 863 τὴν
464 811 546 851 ΦΒ
573 810 887 864 διαπορεύεται.
930 809 1001 851 καὶ
1027 809 1137 863 ἐπεί,
1169 808 1217 851 ἐν
1242 805 1275 866 ᾧ
1300 813 1439 867 χρόνῳ

115 873 163 914 τὸ
187 875 223 913 Θ
248 874 327 926 τὴν
350 876 444 915 ΘΝ
463 873 778 927 διαπορεύεται,
803 873 828 926 ἡ
852 875 932 914 ΘΑ
958 874 1094 927 δύνει,
1120 872 1167 915 ἐν
1192 870 1224 930 ᾧ
1246 875 1328 928 ἄρα
1347 876 1440 916 τότε

120 940 158 977 Τ
177 937 258 990 τὴν
281 936 362 984 ΥΞ
383 936 665 992 περιφέρειαν
691 937 992 991 διαπορεύεται
1017 938 1088 979 καὶ
1108 939 1155 979 τὸ
1181 940 1220 979 Φ
1238 940 1317 992 τὴν
1335 940 1440 992 ΒΦ,

114 1001 139 1055 ἡ
164 1003 250 1042 ΘΑ
275 1001 408 1043 δύνει.
440 1001 582 1054 πάλιν,
607 1000 698 1043 ἐπεὶ
723 1000 772 1042 ἐν
797 995 833 1058 ᾦ
850 1001 945 1042 τότε
966 1003 1010 1042 Κ
1026 1002 1105 1056 τὴν
1124 1004 1166 1043 Κ
1173 1001 1212 1048 Ξ
1228 1002 1439 1058 διέρχεται

115 1065 186 1106 καὶ
216 1065 264 1106 τὸ
291 1068 335 1106 Χ
359 1066 439 1119 τὴν
465 1068 567 1118 ΧΒ,
603 1065 629 1119 ἡ
656 1067 747 1106 ΚΑ
778 1066 920 1118 δύνει,
959 1065 1005 1106 ἐν
1037 1061 1071 1122 ᾧ
1103 1066 1184 1120 ἄρα
1216 1067 1264 1108 τὸ
1290 1068 1332 1108 Κ
1361 1067 1440 1121 τὴν

116 1131 159 1170 Κ
169 1132 207 1169 Τ
222 1130 449 1184 διέρχεται,
468 1128 664 1170 τουτέστι
684 1129 731 1170 τὸ
753 1132 795 1169 Χ
808 1129 886 1182 τὴν
907 1131 1011 1170 ΧΦ·
1044 1128 1188 1182 ὅμοιαι
1208 1130 1289 1184 γάρ
1309 1131 1438 1172 εἰσιν·

173 1224 341 1263 ἔστωσαν
366 1220 461 1263 καθ’
491 1220 545 1263 ὧν
571 1223 725 1277 φέρεται
750 1225 795 1263 τὰ
821 1227 870 1274 Κ,
895 1229 948 1275 A,
973 1226 1034 1276 M,
1060 1227 1104 1264 Ν
1133 1230 1271 1277 σημεῖα
1295 1227 1438 1278 παράλ-

114 1286 223 1333 ληλοι
247 1283 382 1322 κύκλοι
407 1283 447 1322 οἱ
472 1285 570 1333 ΟΠ,
599 1286 687 1333 ΡΣ,
716 1285 806 1334 TY,
835 1285 935 1333 ΦΧ,
966 1283 1030 1322 καὶ
1060 1284 1345 1335 γεγράφθωσαν
1376 1284 1440 1323 διὰ

115 1347 191 1380 τῶν
216 1343 266 1391 Κ,
291 1345 332 1379 A
356 1341 524 1394 μέγιστοι
548 1342 682 1380 κύκλοι
708 1341 749 1380 οἵ
775 1343 865 1392 Ψα,
890 1341 964 1391 Ωβ
988 1340 1247 1392 ἐφαπτόμενοι
1271 1348 1338 1381 τοῦ
1365 1345 1439 1381 ΕΖ

116 1399 274 1438 κύκλου.
318 1398 399 1438 ἐπεὶ
425 1399 468 1438 αἶ
490 1401 584 1450 ΒΚ,
608 1401 706 1450 ΚΛ,
731 1397 814 1441 ΛΞ
839 1399 918 1438 ισαι
942 1398 1122 1450 αλλήλαις
1146 1400 1259 1450 εἰσίν,
1284 1402 1328 1439 αἱ
1351 1403 1439 1450 Ηα,

116 1458 190 1509 αβ,
215 1455 318 1508 βΞ’
302 1472 377 1510 αρα
402 1456 571 1508 μείζονές
596 1458 693 1496 εἰσιν
718 1456 907 1508 ἀλλήλων,
931 1456 1137 1509 ἀρχόμεναι
1161 1455 1237 1497 ἀπὸ
1263 1459 1440 1511 μεγίστης

115 1521 184 1566 τῆς
210 1518 292 1554 Ηα,
341 1514 421 1554 ἐπεὶ
454 1510 526 1555 οὖν
558 1516 695 1566 μείζων
726 1514 828 1554 ἐστὶν
860 1514 882 1565 ἡ
909 1518 981 1554 Ηα
1011 1522 1079 1567 τῆς
1105 1517 1179 1567 αβ,
1210 1513 1292 1555 ἀλλ’
1321 1515 1344 1567 ἡ
1370 1515 1440 1568 μὲν

117 1576 188 1613 Ηα
217 1580 262 1628 τῇ
292 1575 368 1612 ΟΚ
399 1573 500 1613 ἐστιν
532 1571 666 1625 ὁμοία,
699 1572 723 1624 ἡ
756 1572 797 1612 δὲ
828 1575 884 1625 αβ
915 1579 959 1628 τῇ
986 1577 1075 1624 ςΛ,
1110 1574 1174 1613 καὶ
1205 1572 1228 1624 ἡ
1260 1576 1335 1613 ΟΚ
1365 1574 1438 1626 ἄρα

115 1638 183 1683 τῆς
209 1636 279 1676 ςΛ
311 1632 447 1682 μείζων
478 1630 580 1670 ἐστὶν
611 1630 636 1683 ἢ
663 1630 794 1683 ὁμοία,
825 1638 891 1683 τῆς
917 1632 955 1670 δὲ
984 1636 1022 1670 Α
1032 1635 1063 1669 Ρ
1082 1631 1290 1672 ἐλάσσων
1276 1632 1302 1684 ὴ
1327 1632 1439 1684 ὁμοία

115 1688 139 1741 ἡ
169 1691 255 1728 ΟΚ.
310 1689 403 1729 ἔστω
435 1697 480 1745 τῇ
511 1692 586 1729 ΟΚ
619 1688 732 1741 ὁμοία
761 1688 786 1741 ἡ
811 1693 903 1742 Ay
951 1689 993 1729 ἐν
1025 1690 1054 1744 ᾡ
1084 1688 1157 1743 ἄρα
1187 1691 1310 1746 χρόνῳ
1337 1688 1376 1730 τὸ
1403 1694 1438 1730 Κ

116 1753 276 1799 σημεῖον
306 1747 522 1799 ἀρξάμενον
552 1745 627 1787 ἀπὸ
653 1754 721 1787 τοῦ
747 1750 783 1786 Κ
807 1747 877 1798 τὴν
901 1750 982 1787 ΚΟ
1012 1747 1257 1800 περιφέρειαν
1283 1746 1439 1788 διελθὸν

116 1805 177 1845 ἐπὶ
208 1804 250 1845 τὸ
279 1808 312 1845 Ο
344 1807 627 1858 παραγίγνεται,
659 1805 701 1845 ἐν
731 1807 852 1875 τούτῳ
884 1805 946 1844 καὶ
977 1803 1019 1844 τὸ
1045 1810 1085 1844 A
1119 1805 1332 1859 ἀρξαμενον
1362 1804 1438 1846 ἀπὸ

116 1870 184 1903 τοῦ
211 1868 248 1902 Λ
272 1863 343 1914 τὴν
363 1867 432 1916 Ay
466 1861 625 1903 διελθὸν
655 1863 718 1903 ἐπὶ
742 1861 784 1903 τὸ
809 1880 831 1916 γ
855 1863 1036 1936 παρέσται
1061 1863 1125 1903 καὶ
1151 1862 1171 1903 δ
1196 1871 1273 1903 τῶν
1292 1865 1439 1920 ζῳδίων

116 1922 255 1968 κύκλος
279 1921 393 1961 θέσιν
419 1919 494 1969 ἕξει
520 1920 571 1969 ὡς
595 1922 667 1973 τὴν
690 1923 799 1974 γΟδ.
842 1921 923 1962 ἐπεὶ
947 1916 1021 1961 οὖν
1046 1921 1159 1973 ὁμοία
1183 1921 1331 1962 {atzv‘
1308 1939 1332 1974 ἠ
1364 1925 1439 1962 ΟΚ

174 2020 207 2045 a.
235 2014 266 2045 3.
293 2010 340 2055 οἱ]
362 2011 509 2055 seripsi3
529 2017 656 2051 tots-a.
707 2014 738 2045 8.
761 2012 979 2067 ΞΤ]ΖΤιι.
1011 2010 1096 2045 Post
1116 2013 1181 2045 ΒΦ
1201 2011 1284 2046 add.
1306 2013 1435 2046 ΟΨιι.

117 2062 147 2091 9.
175 2056 262 2092 ὥστε
289 2077 332 2082 -
361 2062 413 2091 16.
446 2056 638 2103 διέρχεται]
671 2059 733 2092 καὶ
763 2058 841 2093 ἐπεὶ
871 2058 911 2093 ἐν
936 2070 963 2103 ῳ
987 2055 1129 2116 χρόνῳ
1130 2057 1170 2093 τὸ
1198 2060 1238 2092 Τ.
1276 2058 1342 2103 τὴν
1368 2060 1441 2096 ΤΞ

117 2102 353 2148 περιφέρειαν
378 2105 693 2149 διαπορευεταιη
681 2104 788 2139 “ΑΘ
803 2103 926 2161 δύνει,
941 2093 1015 2138 ἀλλ
1045 2104 1138 2150 ἐνῳ
1157 2103 1197 2139 τὸ
1220 2105 1252 2139 Θ
1275 2104 1341 2149 τὴν
1364 2105 1442 2139 ΘΝ

117 2150 392 2193 διαπορεύεται,
423 2150 446 2195 ἡ
474 2151 545 2188 ΤΞ
568 2118 693 2185 δύνειη
722 2152 762 2186 ἐν
791 2145 828 2207 ᾦ
850 2149 892 2185 δὲ
915 2149 956 2185 τὸ
987 2152 1018 2184 Τ
1043 2118 1138 2195 τὴνφ
1139 2152 1223 2194 ΤΞ,
1254 2151 1316 2186 καὶ
1339 2150 1380 2186 τὸ
1409 2153 1438 2186 Φ

115 2196 182 2240 τὴν
211 2198 275 2231 ΦΒ
302 2196 569 2239 διαπορεύεται.
620 2195 707 2232 ωστε
739 2198 778 2232 ἐν
803 2191 830 2243 ᾦ
855 2196 896 2231 τὸ
925 2198 956 2231 Θ
980 2197 1047 2240 τὴν
1075 2197 1153 2231 ΘΝ
1175 2195 1253 2241 διέρ
1255 2210 1366 2243 χ,εται
1398 2197 1437 2232 ἐν

115 2242 231 2289 τούτῳ
260 2242 302 2278 τό
332 2255 370 2277 τε
398 2245 430 2277 Τ
458 2242 500 2287 τὴ
503 2256 523 2278 ν
551 2244 622 2281 ΤΞ
651 2244 909 2287 διαπορεύεται
939 2243 1002 2277 καὶ
1031 2242 1072 2278 τὸ
1100 2245 1130 2278 Φ
1159 2242 1226 2288 τὴν
1233 2211 1329 2278 ρΦΠ
1356 2245 1437 2278 δια-

117 2289 320 2333 πορεύεται.
351 2289 463 2325 πάλιν
488 2290 567 2325 ἐπεὶ
591 2289 630 2325 ἐν
651 2285 732 2337 ᾦτὸ
752 2293 787 2324 Κ
803 2290 870 2334 τὴν
890 2291 966 2327 ΚΞ
981 2288 1171 2335 διέρχεται,
1194 2290 1218 2335 ἡ
1237 2292 1303 2325 ΚΑ
1323 2290 1437 2333 δύνει,
