1494 2450
79 863 119 893 10

75 1183 116 1214 15

74 1503 117 1534 20

141 62 195 103 28
641 65 945 99 ΦΑΙΝΟΜΕΝΑ
1344 88 1346 90 -
1452 0 1478 123 ἓ

142 171 282 226 χρόνῳ
308 169 356 211 τὸ
386 172 419 210 Ζ
446 176 623 224 σημεῖον
646 171 726 224 τὴν
749 173 831 212 ΖΘ
856 170 1136 226 περιφέρειαν
1165 165 1477 227 διαπορεύεται-ἕξ

143 232 214 275 καὶ
240 234 288 276 τὸ
314 233 353 280 Ξ
375 241 554 288 σημεῖον
579 235 658 289 τὴν
683 234 759 282 ΞΛ
782 234 1077 290 περιφέρειαν.
1120 241 1198 277 τοῦ
1227 238 1262 277 Ζ
1286 237 1370 292 ἄρα
1394 243 1477 293 ση-’ζ

142 299 267 351 μείου
295 296 363 340 ἐπὶ
387 298 436 339 τὸ
459 301 496 339 Θ
522 305 700 352 σημεῖον
723 298 1076 353 παραγενομένου
1101 299 1173 341 καὶ
1197 300 1245 342 τὸ
1265 299 1304 347 Ξ
1325 299 1393 342 ἐπὶ
1417 295 1477 344 τὸῖἶ

144 364 183 415 Λ
207 360 430 417 παρέσται·
474 362 524 403 τὰ
553 364 600 417 Ζ,
624 361 664 409 ,Ξ
691 363 773 416 ἄρα
805 369 958 417 σημεῖα
983 363 1068 416 ἅμα
1094 364 1228 405 δύνει.
1277 365 1325 406 τὸ
1351 364 1399 406 δὲ
1424 367 1470 409 Η

142 431 220 468 τοῦ
246 425 286 473 Ξ
306 427 518 481 πρότερον
543 426 682 468 δύνει·
725 427 773 468 τὸ
801 429 852 468 Η
875 427 958 481 ἄρα
988 426 1059 469 καὶ
1086 433 1163 470 τοῦ
1192 430 1226 469 Ζ
1257 430 1466 484 πρότερον

143 490 277 532 δύνει.

202 554 360 608 ὁμοίως
385 554 439 608 δὴ
465 553 674 608 δείξομεν,
706 554 772 596 ὅτι
798 553 868 596 καὶ
894 556 940 596 τὸ
966 557 1179 611 πρότερον
1204 556 1342 598 δῦνον
1365 558 1467 613 πρό-

146 633 274 673 τερον
299 617 531 661 ἀνατέλλει.

785 774 804 800 ε
820 792 828 800 .

193 850 299 895 Ὅσα
329 859 416 895 τῶν
447 853 620 908 ἄστρων
645 851 763 894 ἐστὶν
788 850 857 894 ἐπὶ
882 853 1084 906 μεγίστου
1110 853 1272 895 κύκλου
1293 867 1484 909 περιφει

144 918 273 972 ρείας,
299 917 347 966 ὃς
371 916 515 971 τέμνει
540 917 617 958 τὸν
640 916 844 971 μέγιστον
869 923 956 958 τῶν
975 915 1041 958 ἀεὶ
1061 924 1276 973 φανερῶν,
1302 918 1490 974 τούτωνζ

142 981 194 1022 τὰ
235 982 343 1036 πρὸς
385 987 478 1031 ταῖς
521 981 693 1035 ἄρκτοις
731 982 835 1022 ὄντα
871 981 1082 1035 πρότερον
1119 981 1199 1035 μὲν
1235 974 1491 1036 ἀνατέλλει,Ι

144 1045 329 1100 ὕστερον
357 1042 404 1087 δὲ
429 1045 564 1086 δύνει.

202 1111 309 1151 ε”στω
344 1109 391 1151 ἐν
417 1111 562 1166 κόσμῳ
589 1108 744 1163 ὁρίζων
769 1109 791 1151 6
818 1110 956 1150 ΑΒΓ
973 1108 1044 1151 καὶ
1068 1108 1266 1163 μέγιστος
1290 1116 1378 1151 τῶν
1403 1109 1468 1152 ἀεὶ

144 1181 347 1228 φανερῶν
373 1173 395 1215 ὁ
422 1177 507 1215 ΑΔ
519 1177 571 1227 Ε,
609 1172 751 1228 ἕτερος
789 1171 835 1214 δὲ
871 1171 1070 1227 μέγιστος
1106 1173 1264 1222 κύκλος
1300 1175 1407 1216 ἔστω
1444 1173 1467 1216 6

145 1239 271 1278 ΓΖΒ
302 1237 470 1292 τέμνων
500 1238 578 1279 τὸν
602 1239 736 1278 ΑΔΕ
764 1237 936 1278 κύκλον.
973 1235 1045 1278 καὶ
1076 1238 1272 1291 εἰλήφθω
1300 1235 1368 1280 ἐπὶ
1395 1244 1468 1293 τῆς
1488 1264 1494 1285 ;

141 1303 419 1357 περιφερείας
449 1308 527 1343 τοῦ
557 1303 672 1342 ΓΖΒ
704 1301 866 1343 κύκλου
901 1301 981 1342 δύο
1015 1302 1202 1355 τυχόντα
1235 1308 1388 1356 σημεῖα
1417 1303 1468 1344 τὰ

146 1368 200 1419 Ζ,
221 1368 284 1418 Η,
309 1365 379 1408 καὶ
405 1364 514 1407 ἔστω
540 1366 587 1407 τὸ
610 1368 645 1406 Ζ
671 1372 849 1418 σημεῖον
874 1365 983 1420 πρὸς
1006 1373 1099 1414 ταῖς
1123 1366 1312 1419 ἄρκτοις·
1346 1365 1488 1420 λέγω,.

143 1429 208 1471 ὅτι
233 1430 282 1471 τὸ
311 1432 346 1470 Ζ
371 1436 549 1484 σημεῖον
574 1435 652 1471 τοῦ
678 1431 728 1470 Η
745 1430 960 1484 πρότερον
983 1426 1064 1482 μὲν
1088 1428 1322 1484 ἀνατέλλει,
1346 1430 1468 1472 ὕστε-

143 1509 223 1549 ρον
247 1493 295 1536 δὲ
321 1494 455 1536 δύνει.

201 1559 307 1600 ἔστω
334 1557 567 1600 ἀνατολικὰ
589 1573 670 1610 μεν
694 1557 746 1598 τὰ
771 1559 812 1598 Γ
830 1555 963 1611 μέρη,
987 1557 1140 1599 δυτικά
1165 1558 1212 1599 δὲ
1238 1558 1289 1599 τὰ
1315 1561 1366 1612 Β,
1397 1557 1493 1601 καὶῗ

144 1624 338 1664 ἔστωσαν
368 1622 520 1664 κύκλοι
546 1620 832 1677 παράλληλοι,
862 1619 965 1663 καθ’
991 1617 1053 1663 ὧν
1078 1621 1254 1676 φέρεται
1277 1623 1330 1664 τὰ
1356 1625 1404 1676 Ζ,
1425 1625 1494 1683 ΗΞ

144 1693 310 1741 σημεῖα,
335 1687 376 1728 οἱ
405 1688 510 1740 ΘΚ,
532 1688 648 1738 ΛΜ,
673 1701 744 1727 και
769 1685 1007 1740 γεγράφθω
1033 1686 1106 1727 διὰ
1129 1691 1206 1727 τοῦ
1229 1688 1264 1726 Ζ
1290 1687 1494 1740 σημείου

141 1750 341 1804 μέγιστος
366 1751 522 1800 κύκλος
547 1749 569 1792 6
591 1752 715 1791 NZE
738 1748 1033 1804 ἐφαπτόμενος
1051 1755 1127 1791 τοῦ
1147 1752 1275 1791 ΑΔΕ
1291 1750 1466 1804 κύκλου,
1486 1748 1494 1796 ζ

203 2126 233 2156 1.
262 2122 302 2166 Ζ]
329 2132 418 2157 corr.
445 2131 488 2155 ex
513 2123 548 2155 K
571 2132 618 2155 m.
646 2124 660 2155 1
691 2120 732 2156 V.
801 2123 832 2156 2.
859 2121 894 2158 Ξ
939 2130 1026 2154 corr.
1053 2131 1096 2154 ex
1121 2122 1167 2154 M
1188 2132 1234 2155 m.
1262 2124 1280 2155 1
1306 2120 1349 2163 V;
1374 2120 1465 2155 item

143 2168 206 2203 lin.
228 2172 259 2202 3.
378 2172 411 2202 4.
442 2168 489 2214 Α]
515 2177 602 2202 corr.
629 2177 673 2201 ex
701 2169 728 2202 Z
753 2178 800 2202 m.
828 2171 845 2201 1
906 2194 914 2202 .
1033 2171 1064 2201 5.
1096 2164 1137 2201 τό
1183 2165 1223 2202 τὸ
1256 2165 1299 2202 δέ
1321 2167 1465 2212 (comp.)
1491 2165 1494 2182 ³

143 2215 186 2257 V,
213 2214 276 2250 sed
302 2213 344 2250 δέ
369 2214 439 2249 del.
466 2226 513 2248 m.
540 2218 577 2256 23
603 2214 666 2248 καὶ
691 2211 732 2249 τό
757 2214 839 2249 Vafi.
913 2211 992 2259 καί]
1017 2222 1086 2248 om.
1146 2213 1196 2248 at.
1304 2216 1335 2248 9.
1362 2212 1395 2252 ς’
1419 2213 1463 2248 v'.
1488 2219 1491 2221 '

146 2261 320 2343 1347?th
347 2271 462 2305 comp.
488 2260 557 2303 Vl,
582 2266 659 2301 τοῖς
682 2259 714 2294 v'
740 2260 823 2295 Vat.
915 2263 969 2294 23.
997 2258 1047 2305 οἱ]
1073 2270 1163 2295 corr.
1189 2269 1232 2295 ex
1255 2259 1278 2305 ἡ
1302 2270 1351 2295 m.
1376 2262 1396 2293 2
1422 2260 1465 2302 V,
1491 2267 1494 2298 j

144 2321 168 2342 α
258 2334 266 2342 .
