1494 2450
535 41 838 77 PHAENOMEN
841 41 873 76 A
1330 38 1384 79 27

96 154 152 197 sit
177 154 220 196 in
246 152 406 195 mundo
432 151 612 194 horizon
637 152 777 192 ΑΒΓ
802 152 845 192 et
877 149 1090 191 maximus
1117 147 1387 203 circulorum,

10 255 11 258 ,
39 219 112 276 qui
137 233 303 275 semper
327 216 546 272 conspicui
573 219 690 271 sunt,
718 219 804 258 ΑΛ
812 219 869 270 Ε,
900 214 1010 257 alius
1036 217 1179 257 autem
1207 214 1389 257 circulus

37 284 248 328 maximus
274 284 330 326 sit
357 285 481 326 ΓΖΒ
515 283 722 326 circulum
750 284 886 323 ΑΔΕ
914 294 1053 335 neque
1079 294 1226 323 secans
1250 294 1389 335 neque

37 351 304 406 contingenS,
343 351 386 391 et
422 351 648 391 sumantur
685 348 730 390 in
765 346 931 389 ambitu
964 346 1112 389 circuli
1145 348 1271 388 ΓΖΒ
1305 346 1388 388 duo

39 416 211 473 quaevis
229 417 388 471 puncta
411 418 459 470 Z,
479 417 531 457 Η
532 431 542 471 ;
568 414 675 469 dico,
694 414 951 468 punctorum
978 415 1024 467 Z,
1039 415 1090 454 H
1102 414 1250 454 utrum
1269 411 1389 467 prius

0 533 1 538 Ἰ
37 482 208 536 oriatur,
245 481 289 523 id
322 481 441 536 prius
476 479 679 533 occidere,
717 481 759 520 et
793 481 937 520 utrum
975 477 1094 533 prius
1130 477 1308 532 occidat,
1345 477 1389 519 id

36 547 153 604 prius
178 546 291 590 oriri.

94 613 178 655 sint
201 614 344 668 partes
370 611 599 654 orientales
622 613 668 666 Γ,
694 609 979 652 occidentales
999 611 1143 652 autem
1164 612 1214 664 B,
1240 611 1283 651 et
1303 608 1388 651 sint

745 674 895 718 circuli
925 674 1138 730 paralleli,
1170 690 1248 730 per
1280 689 1387 730 quos

744 743 903 797 puncta
926 744 972 795 Z,
993 743 1045 782 H
1056 740 1265 795 feruntur,
1295 743 1388 795 ΘΚ,

725 809 856 861 AM,
888 809 932 849 et
956 821 1032 861 per
1061 809 1096 847 Z
1122 805 1388 848 describatur

742 872 956 914 maximus
972 871 1158 914 circulus
1168 874 1218 913 Ν
1218 874 1296 913 ΖΕ
1308 871 1387 913 cir-

742 937 887 980 culum
903 940 1033 979 ΑΔΕ
1045 937 1106 978 ita
1120 936 1387 993 contingens,

741 1006 791 1045 ut
834 1002 1126 1045 semicirculus
1165 1002 1219 1044 ab
1257 1005 1299 1044 E
1333 1003 1387 1044 ad

741 1071 884 1124 partes
911 1072 960 1123 E,
991 1071 1037 1123 Z,
1064 1070 1111 1110 N
1141 1082 1234 1110 cum
1263 1069 1386 1111 semi-

741 1134 901 1177 circulo
923 1135 974 1176 ab
990 1137 1033 1176 A
1053 1133 1104 1175 ad
1123 1135 1266 1189 partes
1282 1138 1336 1188 A,
1352 1136 1393 1176 Γ

740 1215 829 1242 non
842 1201 1071 1242 concurrat
1090 1197 1319 1256 (Theodos.
1330 1198 1385 1254 ΙΙ,

745 1264 830 1322 15).
856 1265 1003 1320 itaque
1023 1279 1146 1307 arcus
1167 1267 1248 1307 KZ
1268 1265 1385 1307 arcui

743 1334 848 1373 MN
865 1330 1021 1373 similis
1041 1333 1106 1372 est
1132 1329 1206 1384 (ib.
1226 1329 1281 1386 II,
1298 1330 1384 1388 13).

741 1396 933 1452 reliquus
971 1396 1106 1453 igitur
1143 1410 1265 1438 arcus
1301 1399 1386 1438 ΖΘ

31 1463 73 1503 et
109 1461 311 1504 continua
348 1461 438 1504 eius
475 1476 587 1518 pars,
627 1477 735 1517 quae
773 1462 853 1504 sub
891 1464 1006 1504 terra
1043 1464 1121 1516 est,
1158 1476 1294 1517 usque
1331 1461 1384 1503 ad

31 1528 238 1581 punctum
259 1530 305 1570 K
327 1527 479 1570 similis
502 1530 566 1570 est
586 1527 704 1570 arcui
725 1530 814 1570 NA
839 1529 881 1570 et
901 1527 1128 1570 continuae
1149 1526 1239 1570 eius
1258 1528 1385 1583 parti,

31 1605 138 1646 quae
163 1592 242 1634 sub
269 1594 382 1635 terra
407 1595 484 1649 est,
509 1607 644 1648 usque
670 1593 721 1634 ad
740 1594 949 1648 punctum
969 1595 1030 1635 M.
1064 1592 1232 1648 aequali
1250 1593 1385 1650 igitur

30 1659 220 1712 tempore
240 1661 399 1713 puncta
421 1662 467 1714 Ζ,
487 1662 539 1700 Ν
559 1673 682 1701 arcus
706 1662 796 1714 ΖΘ,
815 1661 904 1700 ΝΛ
930 1661 972 1700 et
991 1658 1216 1701 continuas
1236 1672 1382 1700 eorum

30 1725 172 1777 partes
203 1738 338 1779 usque
370 1724 422 1766 ad
447 1726 607 1779 puncta
633 1726 686 1779 Κ,
713 1727 771 1766 Μ
795 1726 1053 1779 percurrunt
1085 1722 1305 1781 (Autolyc.
1332 1723 1383 1766 de

30 1787 120 1842 sph.
141 1787 199 1842 2).
249 1789 393 1845 itaque
418 1791 579 1845 puncta
607 1792 653 1841 Z,
679 1792 731 1831 N
751 1789 880 1831 simul
905 1788 1112 1831 oriuntur.
1163 1803 1311 1831 verum
1339 1793 1390 1831 H

29 1853 147 1907 prius
166 1853 303 1896 oritur
323 1869 450 1910 quam
471 1858 527 1897 N.
555 1868 656 1910 ergo
678 1857 729 1896 H
742 1855 872 1896 etiam
891 1853 1010 1910 prius
1030 1854 1168 1896 oritur
1187 1869 1314 1910 quam
1336 1858 1381 1896 Z.

88 1918 195 1974 dico,
220 1919 332 1962 idem
359 1920 480 1976 prius
506 1921 710 1963 occidere.

87 1984 351 2028 describatur
383 2001 461 2041 per
493 1988 703 2041 punctum
732 1989 768 2028 Z
802 1986 1013 2028 maximus
1047 1985 1229 2028 circulus
1255 1985 1382 2034 ΞΖΔ

29 2048 234 2092 circulum
254 2054 390 2094 AAE
412 2050 474 2094 ita
499 2051 766 2108 contingens,
792 2054 841 2094 ut
867 2051 1160 2095 semicirculus
1187 2051 1239 2093 ab
1260 2055 1304 2093 A
1330 2051 1382 2093 ad

29 2117 169 2168 partes
196 2118 250 2171 A,
279 2119 325 2171 Ζ,
351 2115 391 2165 Ξ
419 2131 516 2159 cum
549 2117 817 2160 semicirculo
850 2117 902 2160 ab
930 2121 973 2160 A
1008 2117 1060 2160 ad
1091 2119 1234 2173 partes
1262 2121 1316 2172 A,
1345 2121 1382 2159 Θ

28 2193 115 2221 non
139 2179 364 2223 concurrat
389 2179 616 2239 (Theodos.
636 2181 691 2238 ΙΙ,
715 2181 800 2239 15).
838 2183 983 2238 itaque
1009 2196 1131 2224 arcus
1161 2185 1239 2224 ΖΘ
1263 2183 1380 2224 arcui

27 2290 257 2375 vatgggptxgz
273 2304 403 2338 propp.
423 2293 474 2329 IV
499 2294 536 2328 et
561 2294 594 2329 V
623 2293 779 2339 praebet
802 2295 908 2338 Vae„
945 2294 1032 2340 figg.
1059 2294 1167 2330 codd.
1194 2304 1217 2329 a
1249 2294 1380 2339 depra—
