1494 2450
143 47 229 88 270
659 48 956 84 FRAGMENTA

142 157 201 209 τῷ
227 155 363 195 ΑΒΓ
381 156 598 211 τριγώνῳ,
627 160 780 197 κοινοῦ
811 154 851 196 δ’
880 155 1208 211 ἀφαιρουμένου
1240 163 1319 199 τοῦ
1343 160 1450 205 ΑΒ.

142 217 297 259 λοιπὸν
327 217 374 259 τὸ
400 221 444 259 A
453 221 537 260 ΑΕ
568 221 704 276 λοιπῷ
729 222 788 276 τῷ
808 221 940 261 ΑΓΕ
972 218 1091 261 ἐστιν
1124 224 1220 262 ἴσον
1251 221 1325 262 καί
1352 220 1461 269 ἐστ-

141 280 211 322 ἐπὶ
235 288 311 335 τῆς
336 282 467 336 αὐτῆς
491 282 668 335 βάσεως.

201 346 277 399 λγ’.
310 347 482 396 Κύκλος
507 346 606 401 περὶ
630 347 861 402 διάμετρον
885 348 964 401 τὴν
983 350 1078 401 ΑΒ,
1102 348 1173 390 καὶ
1193 348 1454 403 ἐκβεβλήσθ
1490 373 1494 414 3

94 417 114 448 5
140 409 166 463 ἡ
191 413 278 451 AB
304 411 376 452 καὶ
401 407 508 452 ἔστω
534 409 604 452 ἐπὶ
628 416 847 465 τυχοῦσαν
870 411 950 464 τὴν
975 415 1017 452 Δ
1025 414 1065 453 Ε
1086 412 1283 466 κάθετος,
1313 411 1384 454 καὶ
1490 417 1494 464 ξ

139 473 224 516 ὑπὸ
252 477 383 516 ΑΖΒ
417 478 514 516 ἴσον
544 477 706 516 κείσθω
737 475 785 516 τὸ
817 474 900 516 ἀπὸ
935 477 1030 516 ΖΗ
1052 475 1348 530 τετράγωνον·
1389 476 1436 518 ὅτ
1467 476 1494 538 j

139 532 237 580 οἷον
257 537 334 580 ἐὰν
353 540 504 593 ληφθῇ
521 546 701 592 σημεῖον
1461 532 1465 540 ”
1490 540 1494 552 ¹

139 603 198 650 ὡς
222 602 271 644 τὸ
292 605 344 652 Ε,
369 602 440 644 καὶ
466 600 537 643 ἀπ’
564 602 698 644 αὐτοῦ

140 665 210 707 ἐπὶ
242 666 290 707 τὸ
323 668 373 708 Η
399 666 699 720 ἐπιζευχθεῖσα

70 737 112 768 10
138 729 332 784 ἐκβληθῇ
353 729 422 772 ἐπὶ
441 730 490 771 τὸ
515 732 564 783 Θ,
584 731 699 784 γίνε-

137 809 206 835 ται
246 793 318 835 καὶ
354 795 402 836 τὸ
440 794 525 835 ὑπὸ
567 795 702 835 ΘΕΚ

139 862 236 900 ἴσον
261 863 320 914 τῷ
346 858 428 900 ἀπὸ
448 861 539 900 ΕΗ
552 873 698 913 τετρα-

136 924 276 979 γώνῳ.

196 985 524 1041 ἐπεζεύχθωσαν
543 987 591 1028 αἱ
602 989 699 1040 ΑΕ,

66 1057 109 1088 15
137 1054 234 1092 ΒΛ·
277 1051 434 1105 ὀρθὴ’
417 1053 500 1105 ἄρα
527 1050 646 1092 ἐστὶν
671 1051 697 1104 ἡ

138 1119 174 1156 Λ
201 1116 350 1168 γωνία.
394 1117 512 1157 ἔστιν
545 1114 593 1156 δὲ
624 1114 695 1156 καὶ

133 1179 159 1232 ἡ
189 1182 223 1220 Ζ
249 1179 384 1234 ὀρθή·
417 1179 465 1220 τὸ
493 1180 574 1233 ἄρα
599 1178 683 1220 ὑπὸ
704 1180 826 1220 ΑΕΛ
846 1178 944 1220 ἴσον
963 1177 1083 1220 ἐστὶν
1101 1182 1160 1235 τῷ
1174 1193 1220 1220 τε
1239 1178 1325 1220 ὑπὸ
1345 1138 1494 1221 ΑΖΒξ

133 1244 204 1285 και
238 1248 296 1298 τῷ
330 1242 413 1285 ἀπὸ
453 1245 531 1284 ΖΕ
563 1243 826 1299 τετραγώνῳ.
881 1242 990 1283 ἀλλὰ
1024 1242 1073 1284 τὸ
1107 1243 1187 1295 μὲν
1222 1243 1306 1284 ὑπὸ
1333 1240 1494 1284 ΛΕΛ

135 1312 233 1349 ἴσον
265 1306 384 1349 ἐστὶν
413 1312 472 1364 τῷ
497 1307 582 1349 ὑπὸ
612 1308 761 1360 ΘΕΚ,
798 1307 846 1348 τὸ
880 1306 927 1348 δὲ
952 1306 1037 1348 ὑπὸ
1065 1309 1195 1348 ΑΖΒ
1223 1310 1320 1348 ἴσον
1347 1304 1488 1348 ἐστὶν
1490 1343 1494 1352 ,

63 1377 107 1408 20
133 1378 191 1428 τῷ
219 1371 302 1413 ἀπὸ
332 1374 423 1412 ΖΗ
447 1371 725 1428 τετραγώνῳ·
766 1371 813 1412 τὸ
846 1371 929 1425 ἄρα
954 1370 1038 1412 ὑπὸ
1067 1372 1200 1412 ΘΕΚ
1226 1374 1324 1412 ἴσον
1348 1364 1490 1412 ἐστὶνἶ

132 1443 223 1485 τοῖς
249 1435 332 1478 ἀπὸ
357 1442 445 1477 τῶν
469 1438 572 1489 ΕΖ,
601 1437 691 1476 ΖΗ
711 1435 1014 1488 τετραγώνοις,
1049 1433 1273 1475 τουτέστιν
1297 1439 1356 1490 τῷ
1382 1433 1489 1476 ἀπὸ
1486 1431 1494 1438 ”

133 1502 232 1541 ΕΗ
250 1500 516 1556 τετραγώνῳ.
1484 1532 1494 1547 .:

190 1569 267 1612 w.
286 1569 442 1623 ’Ἑστω,
467 1569 525 1618 ὡς
550 1570 576 1623 ἡ
598 1571 675 1611 ΑΒ
700 1569 809 1623 πρὸς
833 1569 913 1622 τὴν
931 1560 1020 1621 ΒΓ,
1046 1567 1184 1616 οὕτως
1204 1568 1230 1622 ἡ
1251 1571 1339 1610 ΑΛ
1357 1562 1494 1639 πρὸςᾷ

132 1634 211 1687 τὴν
236 1636 335 1687 ΔΓ,
361 1632 432 1675 καὶ
458 1635 683 1688 τετμήσθω
709 1633 735 1687 ἡ
762 1635 848 1674 ΑΓ
867 1633 966 1686 δίχα
990 1633 1097 1674 κατὰ
1120 1632 1169 1673 τὸ
1195 1634 1237 1672 Ε
1260 1638 1437 1686 σημεῖον

61 1709 105 1740 25
133 1698 199 1740 ὅτι
233 1700 399 1752 γίνεται
432 1700 546 1752 τρία,
585 1698 633 1739 τὸ
668 1697 747 1751 μὲν
780 1696 865 1738 ὑπὸ
891 1699 928 1738 Β
939 1699 1021 1737 ΕΔ
1058 1699 1154 1737 ἴσον
1184 1701 1242 1752 τῷ
1276 1694 1359 1737 ἀπὸ
1383 1624 1494 1781 ΕΓὶ

411 1801 892 1871 ᾹΕΛΓ
1156 1798 1183 1868 1¹3

1480 1900 1494 1922 ς

130 1932 402 1988 τετραγώνῳ,
433 1931 481 1972 τὸ
514 1928 562 1972 δὲ
586 1930 671 1972 ὑπὸ
697 1932 825 1972 ΒΔΕ
853 1933 915 1985 τῷ
939 1928 1024 1970 ὑπὸ
1052 1930 1199 1982 ΑΔΓ,
1231 1928 1281 1970 τὸ
1307 1925 1355 1969 δὲ
1378 1927 1464 1970 ὑπὸ
1480 1923 1494 1969 -Ῑῗῗ

129 1997 267 2038 ΑΒΓ
285 2001 344 2052 τῷ
363 1995 447 2037 ὑπὸ
474 1997 611 2036 ΕΒΔ.
1482 2022 1494 2039 ,2

187 2058 277 2101 ἐπεὶ
301 2060 399 2113 γάρ,
425 2059 482 2108 ὡς
507 2058 533 2113 ἡ
560 2061 643 2100 AB
668 2059 775 2113 πρὸς
799 2058 878 2112 τὴν
904 2058 997 2111 ΒΓ,
1031 2056 1167 2105 οὕτως
1193 2056 1220 2110 ἡ
1246 2059 1330 2097 ΛΔ
1354 2043 1494 2110 πρὸςςξἒ

127 2126 207 2180 τὴν
232 2127 275 2165 Δ
284 2125 332 2177 Γ,
369 2122 580 2165 συνθέντι
616 2123 687 2164 καὶ
723 2122 774 2164 τὰ
810 2122 941 2176 ἡμίση
980 2128 1068 2163 τῶν
1103 2118 1358 2174 ἡγουμένων
1390 2114 1461 2161 καὶ

63 2196 108 2227 30
134 2187 450 2243 ἀναστρέψαντι
476 2188 559 2240 ἄρα
583 2185 715 2240 ἐστίν,
740 2186 799 2235 ὡς
822 2185 848 2239 ἡ
874 2187 953 2227 ΒΕ
973 2185 1082 2239 πρὸς
1105 2185 1184 2238 τὴν
1210 2185 1306 2237 ΕΓ,
1331 2184 1356 2236 ἡ
1381 2185 1470 2225 ΕΓ
1483 2193 1487 2242 J

189 2283 244 2314 30.
272 2279 294 2323 ἡ
322 2280 407 2323 ΕΓ]
435 2278 548 2319 οὕτως
573 2278 595 2323 ἡ
623 2280 695 2312 ΕΓ
716 2277 910 2321 Gerhardt,
935 2276 1103 2311 Hultsch.
