1494 2450
551 74 613 108 PH
619 73 715 108 AEN
719 73 889 109 OMENA
1319 71 1403 112 105

648 251 800 310 xvv)

114 349 271 393 circuli
290 351 450 393 zodiaci
471 365 593 392 arcus
614 350 811 405 aequales
831 364 917 391 non
938 348 1106 404 aequali
1119 351 1312 404 tempore
1327 348 1403 390 ob-

21 416 25 459 .’
56 431 223 460 scurum
247 415 606 471 hemisphaerium
638 416 898 471 permutant,
924 414 995 456 sed
1018 414 1065 467 is,
1091 414 1164 468 qui
1186 413 1403 455 contactui

54 480 246 524 hiemalis
283 481 437 537 tropici
475 481 652 537 propior
689 483 772 535 est,
809 479 968 522 maiore
1007 493 1173 535 semper
1210 481 1403 534 tempore

54 546 296 600 remotiore,
334 547 501 602 aequali
539 549 681 588 autem
719 546 768 600 ii,
807 545 882 601 qui
914 545 966 586 ab
1006 545 1170 587 utrovis
1203 547 1402 586 contactu

55 611 216 667 aequali
243 613 382 667 spatio
409 612 579 655 distant.

717 704 871 749 θερινὸς
919 703 1094 748 τροπικός

631 1448 837 1495 χειμερινάς

113 1581 168 1624 sit
193 1583 238 1624 in
264 1583 423 1626 mundo
449 1583 626 1625 horizon
653 1584 798 1636 ΑΒΓ,
825 1582 1023 1624 zodiacus
1050 1585 1193 1625 autem
1221 1582 1405 1625 circulus

0 1698 1 1702 Ἰ
57 1647 310 1702 positionem
336 1648 492 1692 habeat
517 1651 662 1702 ΑΖΓ,
698 1650 740 1699 et
771 1647 1020 1690 auferantur
1052 1648 1250 1704 aequales
1282 1663 1405 1691 arcus

0 1725 4 1752 ἰ
55 1715 162 1767 ΔΕ,
187 1717 289 1767 ΕΖ;
326 1715 441 1770 dico,
479 1730 601 1757 arcus
627 1717 736 1767 ΛΕ,
762 1716 847 1755 ΕΖ
884 1728 970 1755 non
1008 1713 1175 1769 aequali
1212 1716 1406 1769 tempore

57 1778 270 1822 oecultum
305 1779 669 1834 hemisphaerium
706 1780 972 1835 permutare,
1016 1779 1089 1821 sed
1127 1782 1210 1822 ZE
1245 1779 1405 1822 maiore

58 1857 184 1898 quam
209 1847 303 1887 EA.

31 1940 47 1945 --
113 1924 210 1952 nam
244 1912 430 1966 pohatur
460 1911 578 1953 arcui
614 1914 697 1953 ZE
729 1910 918 1965 aequalis
951 1912 993 1952 et
1025 1913 1250 1966 oppositus
1283 1925 1405 1953 arcus

60 1976 163 2030 ΘΚ,
195 1977 313 2018 arcui
344 1978 485 2019 autem
518 1980 603 2019 EA
637 1976 827 2031 aequalis
859 1979 901 2018 et
932 1978 1158 2031 oppositus
1185 1978 1279 2018 KA.
1330 1976 1407 2018 ita-

57 2053 137 2094 que
174 2043 264 2084 ΘΚ
297 2042 413 2084 arcui
449 2044 534 2084 KA
572 2042 760 2097 aequalis
798 2044 873 2084 est.
923 2044 967 2084 et
1003 2041 1203 2096 quoniam
1244 2041 1406 2083 maiore

57 2106 247 2161 tempore
296 2109 343 2150 K
354 2110 392 2150 Θ
446 2107 727 2163 conspicuum
775 2107 1137 2163 hemisphaerium
1187 2109 1407 2162 permutat

59 2183 185 2226 quam
210 2173 308 2228 KA,
329 2171 345 2228 ΙΙ

38 2326 41 2328 —
117 2349 151 2394 1)
176 2348 444 2386 Recensionem
468 2351 493 2388 b
519 2351 813 2398 propositionem
837 2350 1092 2387 XVI—XVIII
1117 2363 1149 2387 v.
1178 2354 1334 2398 loesqq.
