<?xml version="1.0" encoding="UTF-8"?>
<!DOCTYPE html PUBLIC "-//W3C//DTD XHTML 1.0 Transitional//EN"
    "http://www.w3.org/TR/xhtml1/DTD/xhtml1-transitional.dtd">
<html xmlns="http://www.w3.org/1999/xhtml" xml:lang="en" lang="en">
 <head>
  <title>
</title>
<meta http-equiv="Content-Type" content="text/html;charset=utf-8" />
  <meta name='ocr-system' content='tesseract 3.04.00' />
  <meta name='ocr-capabilities' content='ocr_page ocr_carea ocr_par ocr_line ocrx_word'/>
</head>
<body>
  <div class='ocr_page' id='page_1' title='image "./euclidisoperaomn08eucluoft_0306.png"; bbox 0 0 1494 2450; ppageno 0'>
   <div class='ocr_carea' id='block_1_1' title="bbox 131 68 946 111">
    <p class='ocr_par' dir='ltr' id='par_1_1' title="bbox 131 68 946 111">
     <span class='ocr_line' id='line_1_1' title="bbox 131 68 946 111; baseline 0.001 -2"><span class='ocrx_word' id='word_1_1' title='bbox 131 69 215 111; x_wconf 81' lang='grc'><strong><em>248</em></strong></span> <span class='ocrx_word' id='word_1_2' title='bbox 646 68 946 110; x_wconf 82' lang='lat' dir='ltr'>FRAGMENTA</span> 
     </span>
    </p>
   </div>
   <div class='ocr_carea' id='block_1_2' title="bbox 1425 0 1494 304">
    <p class='ocr_par' dir='ltr' id='par_1_2' title="bbox 1425 0 1494 304">
     <span class='ocr_line' id='line_1_2' title="bbox 1425 0 1494 304; baseline 0 0"><span class='ocrx_word' id='word_1_3' title='bbox 1425 0 1494 304; x_wconf 95' lang='lat' dir='ltr'><strong><em>   </em></strong></span> 
     </span>
    </p>
   </div>
   <div class='ocr_carea' id='block_1_3' title="bbox 57 177 1483 1069">
    <p class='ocr_par' dir='ltr' id='par_1_3' title="bbox 129 177 1486 432">
     <span class='ocr_line' id='line_1_3' title="bbox 188 177 1451 239; baseline 0.005 -19"><span class='ocrx_word' id='word_1_4' title='bbox 188 177 266 220; x_wconf 81' lang='grc' dir='ltr'><strong><em>ἐὰν</em></strong></span> <span class='ocrx_word' id='word_1_5' title='bbox 301 181 382 232; x_wconf 77' lang='grc' dir='ltr'><strong><em>γὰρ</em></strong></span> <span class='ocrx_word' id='word_1_6' title='bbox 421 180 494 221; x_wconf 81' lang='grc' dir='ltr'><strong><em>διὰ</em></strong></span> <span class='ocrx_word' id='word_1_7' title='bbox 526 186 605 222; x_wconf 88' lang='grc' dir='ltr'><strong><em>τοῦ</em></strong></span> <span class='ocrx_word' id='word_1_8' title='bbox 631 183 672 222; x_wconf 90' lang='grc' dir='ltr'><em>Ε</em></span> <span class='ocrx_word' id='word_1_9' title='bbox 704 188 755 236; x_wconf 82' lang='grc' dir='ltr'><strong><em>τῇ</em></strong></span> <span class='ocrx_word' id='word_1_10' title='bbox 784 184 866 223; x_wconf 92' lang='grc' dir='ltr'><strong><em>ΘΓ</em></strong></span> <span class='ocrx_word' id='word_1_11' title='bbox 893 182 1170 237; x_wconf 78' lang='grc' dir='ltr'><em>παράλληλον</em></span> <span class='ocrx_word' id='word_1_12' title='bbox 1200 182 1345 237; x_wconf 77' lang='grc' dir='ltr'><em>ἀγάγω</em></span> <span class='ocrx_word' id='word_1_13' title='bbox 1374 185 1424 239; x_wconf 79' lang='grc' dir='ltr'><strong><em>τὴ</em></strong></span> <span class='ocrx_word' id='word_1_14' title='bbox 1447 186 1451 227; x_wconf 78' lang='lat' dir='ltr'><strong>j</strong></span> 
     </span>
     <span class='ocr_line' id='line_1_4' title="bbox 129 243 1460 303; baseline 0.004 -18"><span class='ocrx_word' id='word_1_15' title='bbox 129 243 230 297; x_wconf 90' lang='grc' dir='ltr'><strong><em>ΕΞ,</em></strong></span> <span class='ocrx_word' id='word_1_16' title='bbox 260 243 332 285; x_wconf 80' lang='grc' dir='ltr'><strong><em>καὶ</em></strong></span> <span class='ocrx_word' id='word_1_17' title='bbox 359 243 659 299; x_wconf 80' lang='grc' dir='ltr'><strong><em>ἐπιζευχθεῖσα</em></strong></span> <span class='ocrx_word' id='word_1_18' title='bbox 683 246 710 299; x_wconf 80' lang='grc' dir='ltr'>ἡ</span> <span class='ocrx_word' id='word_1_19' title='bbox 738 247 830 286; x_wconf 89' lang='grc' dir='ltr'><strong><em>ΘΗ</em></strong></span> <span class='ocrx_word' id='word_1_20' title='bbox 856 244 1049 301; x_wconf 77' lang='grc' dir='ltr'><strong><em>ἐκβληθῇ</em></strong></span> <span class='ocrx_word' id='word_1_21' title='bbox 1075 245 1144 288; x_wconf 84' lang='grc' dir='ltr'><strong><em>ἐπὶ</em></strong></span> <span class='ocrx_word' id='word_1_22' title='bbox 1168 247 1215 288; x_wconf 87' lang='grc' dir='ltr'><strong><em>τὸ</em></strong></span> <span class='ocrx_word' id='word_1_23' title='bbox 1241 246 1296 300; x_wconf 83' lang='grc' dir='ltr'><strong><em>Ξ,</em></strong></span> <span class='ocrx_word' id='word_1_24' title='bbox 1327 247 1350 291; x_wconf 87' lang='grc' dir='ltr'>ὁ</span> <span class='ocrx_word' id='word_1_25' title='bbox 1374 245 1460 303; x_wconf 60' lang='lat' dir='ltr'><strong><em>pha}</em></strong></span> 
     </span>
     <span class='ocr_line' id='line_1_5' title="bbox 129 300 1483 367; baseline 0.004 -18"><span class='ocrx_word' id='word_1_26' title='bbox 129 313 203 361; x_wconf 81' lang='grc' dir='ltr'><strong><em>τῆς</em></strong></span> <span class='ocrx_word' id='word_1_27' title='bbox 229 310 330 350; x_wconf 90' lang='grc' dir='ltr'><strong><em>ΚΗ</em></strong></span> <span class='ocrx_word' id='word_1_28' title='bbox 346 309 454 362; x_wconf 80' lang='grc' dir='ltr'><em>πρὸς</em></span> <span class='ocrx_word' id='word_1_29' title='bbox 478 309 558 362; x_wconf 83' lang='grc' dir='ltr'><strong><em>τὴν</em></strong></span> <span class='ocrx_word' id='word_1_30' title='bbox 583 311 675 350; x_wconf 89' lang='grc' dir='ltr'><strong><em>ΗΕ</em></strong></span> <span class='ocrx_word' id='word_1_31' title='bbox 698 311 826 363; x_wconf 78' lang='grc' dir='ltr'><em>λόγος</em></span> <span class='ocrx_word' id='word_1_32' title='bbox 850 308 873 351; x_wconf 91' lang='grc' dir='ltr'>ὁ</span> <span class='ocrx_word' id='word_1_33' title='bbox 899 310 1028 359; x_wconf 81' lang='grc' dir='ltr'><strong><em>αὐτός</em></strong></span> <span class='ocrx_word' id='word_1_34' title='bbox 1052 309 1171 352; x_wconf 81' lang='grc' dir='ltr'><strong><em>ἐστιν</em></strong></span> <span class='ocrx_word' id='word_1_35' title='bbox 1195 314 1254 367; x_wconf 78' lang='grc' dir='ltr'><strong><em>τῷ</em></strong></span> <span class='ocrx_word' id='word_1_36' title='bbox 1273 317 1348 365; x_wconf 79' lang='grc' dir='ltr'><strong><em>τῆς</em></strong></span> <span class='ocrx_word' id='word_1_37' title='bbox 1365 300 1483 363; x_wconf 62' lang='lat'><strong><em>1183}</em></strong></span> 
     </span>
     <span class='ocr_line' id='line_1_6' title="bbox 129 370 1482 432; baseline -0.001 -19"><span class='ocrx_word' id='word_1_38' title='bbox 129 373 238 427; x_wconf 82' lang='grc' dir='ltr'><strong>πρὸς</strong></span> <span class='ocrx_word' id='word_1_39' title='bbox 262 373 341 426; x_wconf 88' lang='grc' dir='ltr'><strong><em>τὴν</em></strong></span> <span class='ocrx_word' id='word_1_40' title='bbox 360 372 461 426; x_wconf 92' lang='grc' dir='ltr'><strong><em>ΕΞ,</em></strong></span> <span class='ocrx_word' id='word_1_41' title='bbox 486 372 508 414; x_wconf 93' lang='grc' dir='ltr'>ὁ</span> <span class='ocrx_word' id='word_1_42' title='bbox 535 370 583 414; x_wconf 75' lang='grc' dir='ltr'><strong><em>δὲ</em></strong></span> <span class='ocrx_word' id='word_1_43' title='bbox 609 372 880 427; x_wconf 81' lang='grc' dir='ltr'><strong><em>συνημμένος</em></strong></span> <span class='ocrx_word' id='word_1_44' title='bbox 905 371 952 415; x_wconf 81' lang='grc' dir='ltr'><strong><em>ἔκ</em></strong></span> <span class='ocrx_word' id='word_1_45' title='bbox 976 389 1020 415; x_wconf 84' lang='grc' dir='ltr'><strong><em>τε</em></strong></span> <span class='ocrx_word' id='word_1_46' title='bbox 1045 379 1123 416; x_wconf 88' lang='grc' dir='ltr'><strong><em>τοῦ</em></strong></span> <span class='ocrx_word' id='word_1_47' title='bbox 1147 380 1223 428; x_wconf 83' lang='grc' dir='ltr'><strong><em>τῆς</em></strong></span> <span class='ocrx_word' id='word_1_48' title='bbox 1242 377 1324 416; x_wconf 94' lang='grc' dir='ltr'><strong><em>ΓΘ</em></strong></span> <span class='ocrx_word' id='word_1_49' title='bbox 1346 376 1482 432; x_wconf 50' lang='grc' dir='ltr'><strong><em>πρὸςζζρι</em></strong></span> 
     </span>
    </p>

    <p class='ocr_par' dir='ltr' id='par_1_4' title="bbox 81 437 1479 750">
     <span class='ocr_line' id='line_1_7' title="bbox 81 437 1479 493; baseline 0.001 -16"><span class='ocrx_word' id='word_1_50' title='bbox 81 445 101 476; x_wconf 84' lang='grc'><strong>5</strong></span> <span class='ocrx_word' id='word_1_51' title='bbox 126 437 206 490; x_wconf 89' lang='grc' dir='ltr'><strong><em>τὴν</em></strong></span> <span class='ocrx_word' id='word_1_52' title='bbox 235 439 323 478; x_wconf 91' lang='grc' dir='ltr'><strong><em>ΘΚ</em></strong></span> <span class='ocrx_word' id='word_1_53' title='bbox 343 437 414 478; x_wconf 83' lang='grc' dir='ltr'><strong><em>καὶ</em></strong></span> <span class='ocrx_word' id='word_1_54' title='bbox 438 443 517 479; x_wconf 89' lang='grc' dir='ltr'><strong><em>τοῦ</em></strong></span> <span class='ocrx_word' id='word_1_55' title='bbox 542 443 616 491; x_wconf 82' lang='grc' dir='ltr'><strong><em>τῆς</em></strong></span> <span class='ocrx_word' id='word_1_56' title='bbox 644 440 733 480; x_wconf 83' lang='grc' dir='ltr'><strong><em>ΘΚ</em></strong></span> <span class='ocrx_word' id='word_1_57' title='bbox 751 439 860 493; x_wconf 80' lang='grc' dir='ltr'><strong>πρὸς</strong></span> <span class='ocrx_word' id='word_1_58' title='bbox 882 438 963 492; x_wconf 84' lang='grc' dir='ltr'><strong><em>τὴν</em></strong></span> <span class='ocrx_word' id='word_1_59' title='bbox 982 438 1067 484; x_wconf 91' lang='grc' dir='ltr'><strong><em>ΕΞ</em></strong></span> <span class='ocrx_word' id='word_1_60' title='bbox 1086 437 1479 492; x_wconf 61' lang='grc' dir='ltr'><strong><em>μεταβαλλόμενοςζῖ</em></strong></span> 
     </span>
     <span class='ocr_line' id='line_1_8' title="bbox 129 501 1476 559; baseline 0.003 -18"><span class='ocrx_word' id='word_1_61' title='bbox 129 501 189 549; x_wconf 82' lang='grc' dir='ltr'><strong><em>εἰς</em></strong></span> <span class='ocrx_word' id='word_1_62' title='bbox 219 501 298 542; x_wconf 90' lang='grc' dir='ltr'><strong><em>τὸν</em></strong></span> <span class='ocrx_word' id='word_1_63' title='bbox 328 507 404 554; x_wconf 78' lang='grc' dir='ltr'><strong><em>τῆς</em></strong></span> <span class='ocrx_word' id='word_1_64' title='bbox 437 503 524 543; x_wconf 90' lang='grc' dir='ltr'><strong><em>ΘΓ</em></strong></span> <span class='ocrx_word' id='word_1_65' title='bbox 547 502 655 554; x_wconf 83' lang='grc' dir='ltr'><strong>πρὸς</strong></span> <span class='ocrx_word' id='word_1_66' title='bbox 680 501 764 549; x_wconf 90' lang='grc' dir='ltr'><strong><em>ΕΞ</em></strong></span> <span class='ocrx_word' id='word_1_67' title='bbox 793 503 944 555; x_wconf 79' lang='grc' dir='ltr'><strong><em>λόγον,</em></strong></span> <span class='ocrx_word' id='word_1_68' title='bbox 980 501 1052 544; x_wconf 81' lang='grc' dir='ltr'><strong><em>καὶ</em></strong></span> <span class='ocrx_word' id='word_1_69' title='bbox 1083 502 1106 544; x_wconf 89' lang='grc' dir='ltr'>ὁ</span> <span class='ocrx_word' id='word_1_70' title='bbox 1137 509 1212 556; x_wconf 84' lang='grc' dir='ltr'><strong><em>τῆς</em></strong></span> <span class='ocrx_word' id='word_1_71' title='bbox 1238 505 1318 544; x_wconf 94' lang='grc' dir='ltr'><strong><em>ΓΖ</em></strong></span> <span class='ocrx_word' id='word_1_72' title='bbox 1347 503 1476 559; x_wconf 54' lang='grc' dir='ltr'><em>πρὸςεζ</em></span> 
     </span>
     <span class='ocr_line' id='line_1_9' title="bbox 130 565 1473 623; baseline 0.002 -17"><span class='ocrx_word' id='word_1_73' title='bbox 130 567 213 605; x_wconf 90' lang='grc' dir='ltr'><strong><em>ΖΕ</em></strong></span> <span class='ocrx_word' id='word_1_74' title='bbox 248 566 376 619; x_wconf 76' lang='grc' dir='ltr'><em>λόγος</em></span> <span class='ocrx_word' id='word_1_75' title='bbox 413 565 435 607; x_wconf 88' lang='grc' dir='ltr'>ὁ</span> <span class='ocrx_word' id='word_1_76' title='bbox 470 566 599 614; x_wconf 77' lang='grc' dir='ltr'><strong><em>αὐτὸς</em></strong></span> <span class='ocrx_word' id='word_1_77' title='bbox 629 571 687 623; x_wconf 80' lang='grc' dir='ltr'><strong><em>τῷ</em></strong></span> <span class='ocrx_word' id='word_1_78' title='bbox 714 572 789 618; x_wconf 81' lang='grc' dir='ltr'><strong><em>τῆς</em></strong></span> <span class='ocrx_word' id='word_1_79' title='bbox 815 568 896 607; x_wconf 93' lang='grc' dir='ltr'><strong><em>ΓΘ</em></strong></span> <span class='ocrx_word' id='word_1_80' title='bbox 931 566 1040 619; x_wconf 82' lang='grc' dir='ltr'><em>πρὸς</em></span> <span class='ocrx_word' id='word_1_81' title='bbox 1070 567 1149 620; x_wconf 86' lang='grc' dir='ltr'><strong><em>τὴν</em></strong></span> <span class='ocrx_word' id='word_1_82' title='bbox 1174 565 1258 613; x_wconf 91' lang='grc' dir='ltr'><strong><em>ΕΞ</em></strong></span> <span class='ocrx_word' id='word_1_83' title='bbox 1290 570 1473 622; x_wconf 60' lang='grc' dir='ltr'><strong><em>παραὶ-ᾗ</em></strong></span> 
     </span>
     <span class='ocr_line' id='line_1_10' title="bbox 128 624 1477 685; baseline 0.002 -15"><span class='ocrx_word' id='word_1_84' title='bbox 128 629 263 682; x_wconf 81' lang='grc' dir='ltr'><strong><em>λήλου</em></strong></span> <span class='ocrx_word' id='word_1_85' title='bbox 295 629 428 684; x_wconf 82' lang='grc' dir='ltr'><em>οὔσης</em></span> <span class='ocrx_word' id='word_1_86' title='bbox 458 635 533 683; x_wconf 78' lang='grc' dir='ltr'><strong><em>τῆς</em></strong></span> <span class='ocrx_word' id='word_1_87' title='bbox 560 632 642 671; x_wconf 92' lang='grc' dir='ltr'><strong><em>ΓΘ</em></strong></span> <span class='ocrx_word' id='word_1_88' title='bbox 672 636 722 685; x_wconf 74' lang='grc' dir='ltr'><strong><em>τῇ</em></strong></span> <span class='ocrx_word' id='word_1_89' title='bbox 742 629 843 677; x_wconf 88' lang='grc' dir='ltr'><strong><em>ΕΞ·</em></strong></span> <span class='ocrx_word' id='word_1_90' title='bbox 884 631 1037 672; x_wconf 81' lang='grc' dir='ltr'><em>εὐθεῖα</em></span> <span class='ocrx_word' id='word_1_91' title='bbox 1067 631 1150 685; x_wconf 82' lang='grc' dir='ltr'><strong><em>ἄρα</em></strong></span> <span class='ocrx_word' id='word_1_92' title='bbox 1181 629 1300 673; x_wconf 81' lang='grc' dir='ltr'><strong><em>ἐστὶν</em></strong></span> <span class='ocrx_word' id='word_1_93' title='bbox 1328 631 1354 685; x_wconf 82' lang='grc' dir='ltr'><em>ἡ</em></span> <span class='ocrx_word' id='word_1_94' title='bbox 1379 624 1477 683; x_wconf 55' lang='lat' dir='ltr'><strong><em>Bm}</em></strong></span> 
     </span>
     <span class='ocr_line' id='line_1_11' title="bbox 126 692 1472 750; baseline 0.002 -16"><span class='ocrx_word' id='word_1_95' title='bbox 126 699 213 734; x_wconf 83' lang='grc' dir='ltr'><strong><em>τῶν</em></strong></span> <span class='ocrx_word' id='word_1_96' title='bbox 241 695 291 746; x_wconf 93' lang='grc' dir='ltr'><strong><em>Θ,</em></strong></span> <span class='ocrx_word' id='word_1_97' title='bbox 317 692 365 746; x_wconf 91' lang='grc' dir='ltr'><strong><em>Ξ,</em></strong></span> <span class='ocrx_word' id='word_1_98' title='bbox 393 697 447 735; x_wconf 91' lang='grc' dir='ltr'><strong><em>Ζ·</em></strong></span> <span class='ocrx_word' id='word_1_99' title='bbox 480 700 609 735; x_wconf 90' lang='grc' dir='ltr'><strong><em>τοῦτο</em></strong></span> <span class='ocrx_word' id='word_1_100' title='bbox 635 695 717 749; x_wconf 79' lang='grc' dir='ltr'><strong><em>γὰρ</em></strong></span> <span class='ocrx_word' id='word_1_101' title='bbox 744 696 959 750; x_wconf 79' lang='grc' dir='ltr'><strong><em>φανερόν·</em></strong></span> <span class='ocrx_word' id='word_1_102' title='bbox 991 695 1099 736; x_wconf 82' lang='grc' dir='ltr'><strong><em>ὥστε</em></strong></span> <span class='ocrx_word' id='word_1_103' title='bbox 1123 693 1195 737; x_wconf 85' lang='grc' dir='ltr'><strong><em>καὶ</em></strong></span> <span class='ocrx_word' id='word_1_104' title='bbox 1219 695 1245 749; x_wconf 82' lang='grc' dir='ltr'>ἡ</span> <span class='ocrx_word' id='word_1_105' title='bbox 1271 695 1343 737; x_wconf 80' lang='grc' dir='ltr'><strong><em>διὰ</em></strong></span> <span class='ocrx_word' id='word_1_106' title='bbox 1366 702 1472 738; x_wconf 64' lang='lat' dir='ltr'><strong><em>mv&gt;</em></strong></span> 
     </span>
    </p>

    <p class='ocr_par' dir='ltr' id='par_1_5' title="bbox 57 757 656 811">
     <span class='ocr_line' id='line_1_12' title="bbox 57 757 656 811; baseline 0.007 -15"><span class='ocrx_word' id='word_1_107' title='bbox 57 765 99 797; x_wconf 89' lang='grc'><strong><em>10</em></strong></span> <span class='ocrx_word' id='word_1_108' title='bbox 129 760 179 811; x_wconf 95' lang='grc' dir='ltr'><strong><em>Θ,</em></strong></span> <span class='ocrx_word' id='word_1_109' title='bbox 204 760 262 810; x_wconf 90' lang='grc' dir='ltr'><strong><em>Η,</em></strong></span> <span class='ocrx_word' id='word_1_110' title='bbox 290 761 324 799; x_wconf 91' lang='grc' dir='ltr'><em>Ζ</em></span> <span class='ocrx_word' id='word_1_111' title='bbox 350 758 501 800; x_wconf 78' lang='grc' dir='ltr'><em>εὐθεῖά</em></span> <span class='ocrx_word' id='word_1_112' title='bbox 526 757 656 800; x_wconf 82' lang='grc' dir='ltr'><strong><em>ἐστιν.</em></strong></span> 
     </span>
    </p>

    <p class='ocr_par' dir='ltr' id='par_1_6' title="bbox 124 819 1482 1069">
     <span class='ocr_line' id='line_1_13' title="bbox 186 819 1451 878; baseline 0.002 -15"><span class='ocrx_word' id='word_1_113' title='bbox 186 820 230 863; x_wconf 83' lang='grc' dir='ltr'><strong><em>ε’.</em></strong></span> <span class='ocrx_word' id='word_1_114' title='bbox 261 820 366 864; x_wconf 84' lang='grc' dir='ltr'><strong><em>Ἐὰν</em></strong></span> <span class='ocrx_word' id='word_1_115' title='bbox 390 819 417 878; x_wconf 83' lang='grc' dir='ltr'><em>ᾗ</em></span> <span class='ocrx_word' id='word_1_116' title='bbox 441 824 696 877; x_wconf 78' lang='grc' dir='ltr'><strong><em>καταγραφὴ</em></strong></span> <span class='ocrx_word' id='word_1_117' title='bbox 721 823 748 877; x_wconf 86' lang='grc' dir='ltr'><em>ἡ</em></span> <span class='ocrx_word' id='word_1_118' title='bbox 773 826 858 864; x_wconf 90' lang='lat' dir='ltr'><strong><em>AB</em></strong></span> <span class='ocrx_word' id='word_1_119' title='bbox 867 825 947 864; x_wconf 90' lang='grc' dir='ltr'><strong><em>ΓΔ</em></strong></span> <span class='ocrx_word' id='word_1_120' title='bbox 954 825 995 864; x_wconf 91' lang='grc' dir='ltr'><em>Ε</em></span> <span class='ocrx_word' id='word_1_121' title='bbox 1003 825 1094 864; x_wconf 94' lang='grc' dir='ltr'><strong><em>ΖΗ</em></strong></span> <span class='ocrx_word' id='word_1_122' title='bbox 1100 825 1155 877; x_wconf 86' lang='grc' dir='ltr'><strong><em>Θ,</em></strong></span> <span class='ocrx_word' id='word_1_123' title='bbox 1181 825 1363 876; x_wconf 81' lang='grc' dir='ltr'><strong><em>γίνεται,</em></strong></span> <span class='ocrx_word' id='word_1_124' title='bbox 1394 823 1451 873; x_wconf 80' lang='grc' dir='ltr'><strong><em>ὡς</em></strong></span> 
     </span>
     <span class='ocr_line' id='line_1_14' title="bbox 126 886 1450 942; baseline 0.002 -15"><span class='ocrx_word' id='word_1_125' title='bbox 126 886 151 938; x_wconf 84' lang='grc' dir='ltr'>ἡ</span> <span class='ocrx_word' id='word_1_126' title='bbox 178 891 265 928; x_wconf 90' lang='grc' dir='ltr'><strong><em>ΛΔ</em></strong></span> <span class='ocrx_word' id='word_1_127' title='bbox 288 888 397 941; x_wconf 79' lang='grc' dir='ltr'><strong>πρὸς</strong></span> <span class='ocrx_word' id='word_1_128' title='bbox 421 888 501 941; x_wconf 87' lang='grc' dir='ltr'><strong><em>τὴν</em></strong></span> <span class='ocrx_word' id='word_1_129' title='bbox 526 889 624 940; x_wconf 86' lang='grc' dir='ltr'><strong><em>ΛΓ,</em></strong></span> <span class='ocrx_word' id='word_1_130' title='bbox 651 887 788 936; x_wconf 79' lang='grc' dir='ltr'><strong><em>οὕτως</em></strong></span> <span class='ocrx_word' id='word_1_131' title='bbox 812 887 838 941; x_wconf 78' lang='grc' dir='ltr'><em>ἡ</em></span> <span class='ocrx_word' id='word_1_132' title='bbox 865 890 951 928; x_wconf 88' lang='grc' dir='ltr'><strong><em>ΑΒ</em></strong></span> <span class='ocrx_word' id='word_1_133' title='bbox 975 888 1084 942; x_wconf 81' lang='grc' dir='ltr'><em>πρὸς</em></span> <span class='ocrx_word' id='word_1_134' title='bbox 1108 888 1188 941; x_wconf 87' lang='grc' dir='ltr'><strong><em>τὴν</em></strong></span> <span class='ocrx_word' id='word_1_135' title='bbox 1213 889 1302 929; x_wconf 90' lang='grc' dir='ltr'><strong><em>ΒΓ.</em></strong></span> <span class='ocrx_word' id='word_1_136' title='bbox 1345 889 1450 929; x_wconf 83' lang='grc' dir='ltr'><strong><em>ἔστω</em></strong></span> 
     </span>
     <span class='ocr_line' id='line_1_15' title="bbox 126 948 1451 1007; baseline 0.001 -15"><span class='ocrx_word' id='word_1_137' title='bbox 126 948 226 1005; x_wconf 86' lang='grc' dir='ltr'><strong><em>οὖν,</em></strong></span> <span class='ocrx_word' id='word_1_138' title='bbox 263 950 321 1000; x_wconf 84' lang='grc' dir='ltr'><strong><em>ὡς</em></strong></span> <span class='ocrx_word' id='word_1_139' title='bbox 350 950 376 1004; x_wconf 77' lang='grc' dir='ltr'><em>ἡ</em></span> <span class='ocrx_word' id='word_1_140' title='bbox 403 955 488 992; x_wconf 90' lang='grc' dir='ltr'><strong><em>ΑΔ</em></strong></span> <span class='ocrx_word' id='word_1_141' title='bbox 518 952 626 1007; x_wconf 78' lang='grc' dir='ltr'><strong>πρὸς</strong></span> <span class='ocrx_word' id='word_1_142' title='bbox 655 952 735 1005; x_wconf 84' lang='grc' dir='ltr'><strong><em>τὴν</em></strong></span> <span class='ocrx_word' id='word_1_143' title='bbox 760 954 858 1003; x_wconf 87' lang='grc' dir='ltr'><strong><em>ΔΓ,</em></strong></span> <span class='ocrx_word' id='word_1_144' title='bbox 896 951 1033 1000; x_wconf 81' lang='grc' dir='ltr'><strong><em>οὕτως</em></strong></span> <span class='ocrx_word' id='word_1_145' title='bbox 1062 952 1088 1005; x_wconf 85' lang='grc' dir='ltr'><em>ἡ</em></span> <span class='ocrx_word' id='word_1_146' title='bbox 1116 954 1202 993; x_wconf 91' lang='grc' dir='ltr'><strong><em>ΑΒ</em></strong></span> <span class='ocrx_word' id='word_1_147' title='bbox 1234 952 1343 1006; x_wconf 82' lang='grc' dir='ltr'><strong>πρὸς</strong></span> <span class='ocrx_word' id='word_1_148' title='bbox 1372 951 1451 1005; x_wconf 84' lang='grc' dir='ltr'><strong><em>τὴν</em></strong></span> 
     </span>
     <span class='ocr_line' id='line_1_16' title="bbox 124 1013 1482 1069; baseline 0.001 -14"><span class='ocrx_word' id='word_1_149' title='bbox 124 1018 161 1055; x_wconf 94' lang='grc' dir='ltr'>Β</span> <span class='ocrx_word' id='word_1_150' title='bbox 171 1018 226 1056; x_wconf 82' lang='grc' dir='ltr'><strong><em>Γ’</em></strong></span> <span class='ocrx_word' id='word_1_151' title='bbox 260 1015 324 1056; x_wconf 84' lang='grc' dir='ltr'><strong><em>ὅτι</em></strong></span> <span class='ocrx_word' id='word_1_152' title='bbox 352 1015 504 1057; x_wconf 78' lang='grc' dir='ltr'><em>εὐθεῖά</em></span> <span class='ocrx_word' id='word_1_153' title='bbox 529 1015 647 1057; x_wconf 82' lang='grc' dir='ltr'><strong><em>ἐστιν</em></strong></span> <span class='ocrx_word' id='word_1_154' title='bbox 671 1015 697 1068; x_wconf 80' lang='grc' dir='ltr'><em>ἡ</em></span> <span class='ocrx_word' id='word_1_155' title='bbox 724 1016 796 1056; x_wconf 77' lang='grc' dir='ltr'><strong><em>διὰ</em></strong></span> <span class='ocrx_word' id='word_1_156' title='bbox 820 1023 907 1057; x_wconf 84' lang='grc' dir='ltr'><strong><em>τῶν</em></strong></span> <span class='ocrx_word' id='word_1_157' title='bbox 933 1020 984 1069; x_wconf 89' lang='lat' dir='ltr'><strong><em>A,</em></strong></span> <span class='ocrx_word' id='word_1_158' title='bbox 1011 1018 1068 1069; x_wconf 87' lang='lat' dir='ltr'><strong><em>H,</em></strong></span> <span class='ocrx_word' id='word_1_159' title='bbox 1096 1018 1144 1057; x_wconf 87' lang='grc' dir='ltr'><strong><em>Θ.</em></strong></span> <span class='ocrx_word' id='word_1_160' title='bbox 1474 1013 1482 1018; x_wconf 83' lang='grc'>’</span> 
     </span>
    </p>
   </div>
   <div class='ocr_carea' id='block_1_4' title="bbox 352 1093 1212 1692">
    <p class='ocr_par' dir='ltr' id='par_1_7' title="bbox 352 1093 1212 1692">
     <span class='ocr_line' id='line_1_17' title="bbox 352 1093 1212 1692; baseline 0 758"><span class='ocrx_word' id='word_1_161' title='bbox 352 1093 1212 1692; x_wconf 95' lang='lat' dir='ltr'><strong><em> </em></strong></span> 
     </span>
    </p>
   </div>
   <div class='ocr_carea' id='block_1_5' title="bbox 51 1735 1485 2257">
    <p class='ocr_par' dir='ltr' id='par_1_8' title="bbox 54 1735 1485 2049">
     <span class='ocr_line' id='line_1_18' title="bbox 54 1735 1485 1793; baseline -0.001 -15"><span class='ocrx_word' id='word_1_162' title='bbox 54 1748 96 1778; x_wconf 88' lang='lat'><strong><em>15</em></strong></span> <span class='ocrx_word' id='word_1_163' title='bbox 181 1736 305 1790; x_wconf 76' lang='grc' dir='ltr'><em>ἤχθω</em></span> <span class='ocrx_word' id='word_1_164' title='bbox 342 1737 414 1778; x_wconf 80' lang='grc' dir='ltr'><strong><em>διὰ</em></strong></span> <span class='ocrx_word' id='word_1_165' title='bbox 451 1742 530 1778; x_wconf 88' lang='grc' dir='ltr'><strong><em>τοῦ</em></strong></span> <span class='ocrx_word' id='word_1_166' title='bbox 569 1739 619 1778; x_wconf 90' lang='grc' dir='ltr'>Η</span> <span class='ocrx_word' id='word_1_167' title='bbox 649 1743 699 1791; x_wconf 79' lang='grc' dir='ltr'><strong><em>τῇ</em></strong></span> <span class='ocrx_word' id='word_1_168' title='bbox 726 1739 812 1778; x_wconf 88' lang='grc' dir='ltr'><strong><em>ΑΔ</em></strong></span> <span class='ocrx_word' id='word_1_169' title='bbox 847 1737 1120 1791; x_wconf 79' lang='grc' dir='ltr'><em>παράλληλος</em></span> <span class='ocrx_word' id='word_1_170' title='bbox 1156 1737 1182 1790; x_wconf 83' lang='grc' dir='ltr'>ἡ</span> <span class='ocrx_word' id='word_1_171' title='bbox 1214 1738 1308 1777; x_wconf 90' lang='grc' dir='ltr'><strong><em>ΚΛ.</em></strong></span> <span class='ocrx_word' id='word_1_172' title='bbox 1358 1735 1447 1778; x_wconf 77' lang='grc' dir='ltr'><strong><em>ἐπεὶ</em></strong></span> <span class='ocrx_word' id='word_1_173' title='bbox 1468 1736 1485 1793; x_wconf 70' lang='grc' dir='ltr'><strong><em>’ζ</em></strong></span> 
     </span>
     <span class='ocr_line' id='line_1_19' title="bbox 122 1797 1479 1856; baseline 0.003 -14"><span class='ocrx_word' id='word_1_174' title='bbox 122 1797 205 1842; x_wconf 82' lang='grc' dir='ltr'><strong><em>οὖν</em></strong></span> <span class='ocrx_word' id='word_1_175' title='bbox 231 1799 370 1853; x_wconf 82' lang='grc' dir='ltr'><strong><em>ἐστιν,</em></strong></span> <span class='ocrx_word' id='word_1_176' title='bbox 402 1801 458 1849; x_wconf 85' lang='grc' dir='ltr'><strong><em>ὡς</em></strong></span> <span class='ocrx_word' id='word_1_177' title='bbox 483 1801 508 1855; x_wconf 80' lang='grc' dir='ltr'><em>ἡ</em></span> <span class='ocrx_word' id='word_1_178' title='bbox 535 1804 622 1842; x_wconf 89' lang='grc' dir='ltr'><strong><em>ΑΔ</em></strong></span> <span class='ocrx_word' id='word_1_179' title='bbox 646 1801 754 1856; x_wconf 82' lang='grc' dir='ltr'><strong>πρὸς</strong></span> <span class='ocrx_word' id='word_1_180' title='bbox 778 1802 857 1855; x_wconf 86' lang='grc' dir='ltr'><strong><em>τὴν</em></strong></span> <span class='ocrx_word' id='word_1_181' title='bbox 881 1802 981 1855; x_wconf 91' lang='grc' dir='ltr'><strong><em>ΔΓ,</em></strong></span> <span class='ocrx_word' id='word_1_182' title='bbox 1016 1801 1153 1850; x_wconf 76' lang='grc' dir='ltr'><strong><em>οὕτως</em></strong></span> <span class='ocrx_word' id='word_1_183' title='bbox 1179 1799 1204 1853; x_wconf 85' lang='grc' dir='ltr'>ἡ</span> <span class='ocrx_word' id='word_1_184' title='bbox 1230 1803 1317 1841; x_wconf 91' lang='grc' dir='ltr'><strong><em>ΑΒ</em></strong></span> <span class='ocrx_word' id='word_1_185' title='bbox 1341 1799 1449 1853; x_wconf 82' lang='grc' dir='ltr'><em>πρὸς</em></span> <span class='ocrx_word' id='word_1_186' title='bbox 1466 1807 1479 1845; x_wconf 58' lang='grc' dir='ltr'><strong><em>ἒ,</em></strong></span> 
     </span>
     <span class='ocr_line' id='line_1_20' title="bbox 121 1863 1479 1920; baseline -0.001 -15"><span class='ocrx_word' id='word_1_187' title='bbox 121 1864 201 1918; x_wconf 89' lang='grc' dir='ltr'><strong><em>τὴν</em></strong></span> <span class='ocrx_word' id='word_1_188' title='bbox 226 1866 320 1917; x_wconf 89' lang='grc' dir='ltr'><strong><em>ΒΓ,</em></strong></span> <span class='ocrx_word' id='word_1_189' title='bbox 348 1863 433 1906; x_wconf 80' lang='grc' dir='ltr'><strong><em>ἀλλ’</em></strong></span> <span class='ocrx_word' id='word_1_190' title='bbox 465 1865 522 1914; x_wconf 79' lang='grc' dir='ltr'><strong><em>ὡς</em></strong></span> <span class='ocrx_word' id='word_1_191' title='bbox 546 1863 627 1918; x_wconf 75' lang='grc' dir='ltr'><strong><em>μὲν</em></strong></span> <span class='ocrx_word' id='word_1_192' title='bbox 651 1865 677 1919; x_wconf 81' lang='grc' dir='ltr'><em>ἡ</em></span> <span class='ocrx_word' id='word_1_193' title='bbox 697 1868 782 1906; x_wconf 88' lang='grc' dir='ltr'><strong><em>ΛΔ</em></strong></span> <span class='ocrx_word' id='word_1_194' title='bbox 806 1866 913 1920; x_wconf 79' lang='grc' dir='ltr'><strong>πρὸς</strong></span> <span class='ocrx_word' id='word_1_195' title='bbox 937 1866 1016 1919; x_wconf 86' lang='grc' dir='ltr'><strong><em>τὴν</em></strong></span> <span class='ocrx_word' id='word_1_196' title='bbox 1034 1868 1077 1906; x_wconf 85' lang='lat' dir='ltr'><em>A</em></span> <span class='ocrx_word' id='word_1_197' title='bbox 1085 1867 1133 1918; x_wconf 91' lang='grc' dir='ltr'><strong><em>Γ,</em></strong></span> <span class='ocrx_word' id='word_1_198' title='bbox 1159 1864 1296 1914; x_wconf 79' lang='grc' dir='ltr'><strong><em>οὕτως</em></strong></span> <span class='ocrx_word' id='word_1_199' title='bbox 1320 1864 1346 1918; x_wconf 84' lang='grc' dir='ltr'><strong><em>ἡ</em></strong></span> <span class='ocrx_word' id='word_1_200' title='bbox 1367 1864 1450 1904; x_wconf 88' lang='grc' dir='ltr'><strong><em>ΚΛ</em></strong></span> <span class='ocrx_word' id='word_1_201' title='bbox 1464 1866 1479 1915; x_wconf 70' lang='grc' dir='ltr'><strong><em>ζ’</em></strong></span> 
     </span>
     <span class='ocr_line' id='line_1_21' title="bbox 119 1918 1475 1984; baseline 0.001 -15"><span class='ocrx_word' id='word_1_202' title='bbox 119 1928 227 1982; x_wconf 82' lang='grc' dir='ltr'><em>πρὸς</em></span> <span class='ocrx_word' id='word_1_203' title='bbox 252 1928 333 1981; x_wconf 88' lang='grc' dir='ltr'><strong><em>τὴν</em></strong></span> <span class='ocrx_word' id='word_1_204' title='bbox 351 1930 463 1981; x_wconf 91' lang='grc' dir='ltr'><strong><em>ΛΗ,</em></strong></span> <span class='ocrx_word' id='word_1_205' title='bbox 489 1929 547 1978; x_wconf 79' lang='grc' dir='ltr'><strong><em>ὡς</em></strong></span> <span class='ocrx_word' id='word_1_206' title='bbox 573 1926 620 1970; x_wconf 74' lang='grc' dir='ltr'><strong><em>δὲ</em></strong></span> <span class='ocrx_word' id='word_1_207' title='bbox 644 1930 670 1983; x_wconf 79' lang='grc' dir='ltr'>ἡ</span> <span class='ocrx_word' id='word_1_208' title='bbox 691 1932 776 1970; x_wconf 92' lang='grc' dir='ltr'><strong><em>ΑΒ</em></strong></span> <span class='ocrx_word' id='word_1_209' title='bbox 801 1930 908 1984; x_wconf 83' lang='grc' dir='ltr'><em>πρὸς</em></span> <span class='ocrx_word' id='word_1_210' title='bbox 932 1930 1011 1983; x_wconf 85' lang='grc' dir='ltr'><strong><em>τὴν</em></strong></span> <span class='ocrx_word' id='word_1_211' title='bbox 1031 1931 1124 1981; x_wconf 88' lang='grc' dir='ltr'><strong><em>ΒΓ,</em></strong></span> <span class='ocrx_word' id='word_1_212' title='bbox 1149 1927 1285 1977; x_wconf 81' lang='grc' dir='ltr'><strong><em>οὕτως</em></strong></span> <span class='ocrx_word' id='word_1_213' title='bbox 1311 1928 1335 1982; x_wconf 87' lang='grc' dir='ltr'><em>ἡ</em></span> <span class='ocrx_word' id='word_1_214' title='bbox 1357 1918 1475 1971; x_wconf 45' lang='lat' dir='ltr'><strong><em>KH?</em></strong></span> 
     </span>
     <span class='ocr_line' id='line_1_22' title="bbox 121 1991 1473 2049; baseline 0 -17"><span class='ocrx_word' id='word_1_215' title='bbox 121 1993 228 2046; x_wconf 77' lang='grc' dir='ltr'><em>πρὸς</em></span> <span class='ocrx_word' id='word_1_216' title='bbox 253 1993 332 2046; x_wconf 87' lang='grc' dir='ltr'><strong><em>τὴν</em></strong></span> <span class='ocrx_word' id='word_1_217' title='bbox 357 1995 475 2046; x_wconf 89' lang='grc' dir='ltr'><strong><em>ΗΜ,</em></strong></span> <span class='ocrx_word' id='word_1_218' title='bbox 500 1991 571 2034; x_wconf 83' lang='grc' dir='ltr'><strong><em>καὶ</em></strong></span> <span class='ocrx_word' id='word_1_219' title='bbox 597 1994 654 2042; x_wconf 85' lang='grc' dir='ltr'><strong><em>ὡς</em></strong></span> <span class='ocrx_word' id='word_1_220' title='bbox 678 1994 761 2048; x_wconf 80' lang='grc' dir='ltr'><strong><em>ἄρα</em></strong></span> <span class='ocrx_word' id='word_1_221' title='bbox 785 1994 811 2047; x_wconf 81' lang='grc' dir='ltr'><em>ἡ</em></span> <span class='ocrx_word' id='word_1_222' title='bbox 837 1995 921 2034; x_wconf 93' lang='grc' dir='ltr'><strong><em>ΚΛ</em></strong></span> <span class='ocrx_word' id='word_1_223' title='bbox 945 1994 1052 2049; x_wconf 83' lang='grc' dir='ltr'><strong>πρὸς</strong></span> <span class='ocrx_word' id='word_1_224' title='bbox 1077 1994 1156 2046; x_wconf 85' lang='grc' dir='ltr'><strong><em>τὴν</em></strong></span> <span class='ocrx_word' id='word_1_225' title='bbox 1175 1995 1285 2046; x_wconf 90' lang='grc' dir='ltr'><strong><em>ΛΗ,</em></strong></span> <span class='ocrx_word' id='word_1_226' title='bbox 1311 1991 1449 2040; x_wconf 81' lang='grc' dir='ltr'><strong><em>οὕτως</em></strong></span> <span class='ocrx_word' id='word_1_227' title='bbox 1471 1999 1473 2001; x_wconf 84' lang='grc'><strong>’</strong></span> 
     </span>
    </p>

    <p class='ocr_par' dir='ltr' id='par_1_9' title="bbox 51 2055 1479 2175">
     <span class='ocr_line' id='line_1_23' title="bbox 51 2055 1479 2112; baseline 0.001 -15"><span class='ocrx_word' id='word_1_228' title='bbox 51 2067 95 2098; x_wconf 84' lang='lat'><strong><em>20</em></strong></span> <span class='ocrx_word' id='word_1_229' title='bbox 121 2056 147 2110; x_wconf 82' lang='grc' dir='ltr'><em>ἡ</em></span> <span class='ocrx_word' id='word_1_230' title='bbox 167 2058 267 2097; x_wconf 87' lang='grc' dir='ltr'><strong><em>ΚΗ</em></strong></span> <span class='ocrx_word' id='word_1_231' title='bbox 284 2055 392 2111; x_wconf 82' lang='grc' dir='ltr'><strong><em>πρὸς</em></strong></span> <span class='ocrx_word' id='word_1_232' title='bbox 416 2058 495 2111; x_wconf 85' lang='grc' dir='ltr'><strong><em>τὴν</em></strong></span> <span class='ocrx_word' id='word_1_233' title='bbox 514 2059 638 2110; x_wconf 92' lang='grc' dir='ltr'><strong><em>ΗΜ,</em></strong></span> <span class='ocrx_word' id='word_1_234' title='bbox 662 2056 733 2099; x_wconf 82' lang='grc' dir='ltr'><strong><em>καὶ</em></strong></span> <span class='ocrx_word' id='word_1_235' title='bbox 760 2058 887 2110; x_wconf 88' lang='grc' dir='ltr'><strong><em>λοιπὴ</em></strong></span> <span class='ocrx_word' id='word_1_236' title='bbox 912 2057 938 2110; x_wconf 83' lang='grc' dir='ltr'>ἡ</span> <span class='ocrx_word' id='word_1_237' title='bbox 960 2060 1044 2098; x_wconf 91' lang='grc' dir='ltr'><strong><em>ΗΛ</em></strong></span> <span class='ocrx_word' id='word_1_238' title='bbox 1068 2058 1176 2112; x_wconf 82' lang='grc' dir='ltr'><em>πρὸς</em></span> <span class='ocrx_word' id='word_1_239' title='bbox 1195 2058 1350 2111; x_wconf 81' lang='grc' dir='ltr'><strong><em>λοιπὴν</em></strong></span> <span class='ocrx_word' id='word_1_240' title='bbox 1368 2056 1447 2108; x_wconf 88' lang='grc' dir='ltr'><strong><em>τὴν</em></strong></span> <span class='ocrx_word' id='word_1_241' title='bbox 1470 2082 1479 2098; x_wconf 87' lang='lat'><strong><em>·.</em></strong></span> 
     </span>
     <span class='ocr_line' id='line_1_24' title="bbox 123 2119 1447 2175; baseline -0.001 -14"><span class='ocrx_word' id='word_1_242' title='bbox 123 2122 226 2161; x_wconf 88' lang='lat' dir='ltr'><strong><em>AM</em></strong></span> <span class='ocrx_word' id='word_1_243' title='bbox 245 2119 375 2172; x_wconf 84' lang='grc' dir='ltr'><strong><em>ἐστιν,</em></strong></span> <span class='ocrx_word' id='word_1_244' title='bbox 402 2121 458 2170; x_wconf 85' lang='grc' dir='ltr'><strong><em>ὡς</em></strong></span> <span class='ocrx_word' id='word_1_245' title='bbox 483 2121 508 2174; x_wconf 82' lang='grc' dir='ltr'><em>ἡ</em></span> <span class='ocrx_word' id='word_1_246' title='bbox 533 2123 612 2162; x_wconf 89' lang='grc' dir='ltr'><strong><em>ΚΛ</em></strong></span> <span class='ocrx_word' id='word_1_247' title='bbox 637 2121 745 2175; x_wconf 80' lang='grc' dir='ltr'><em>πρὸς</em></span> <span class='ocrx_word' id='word_1_248' title='bbox 763 2122 843 2174; x_wconf 85' lang='grc' dir='ltr'><strong><em>τὴν</em></strong></span> <span class='ocrx_word' id='word_1_249' title='bbox 861 2124 901 2162; x_wconf 97' lang='grc' dir='ltr'><em>Λ</em></span> <span class='ocrx_word' id='word_1_250' title='bbox 909 2123 971 2174; x_wconf 91' lang='grc' dir='ltr'><strong><em>Η,</em></strong></span> <span class='ocrx_word' id='word_1_251' title='bbox 996 2120 1220 2163; x_wconf 81' lang='grc' dir='ltr'><strong><em>τουτέστιν</em></strong></span> <span class='ocrx_word' id='word_1_252' title='bbox 1238 2120 1295 2170; x_wconf 81' lang='grc' dir='ltr'><strong><em>ὡς</em></strong></span> <span class='ocrx_word' id='word_1_253' title='bbox 1313 2120 1339 2173; x_wconf 85' lang='grc' dir='ltr'>ἡ</span> <span class='ocrx_word' id='word_1_254' title='bbox 1360 2122 1447 2161; x_wconf 86' lang='grc' dir='ltr'><strong><em>ΑΔ</em></strong></span> 
     </span>
    </p>

    <p class='ocr_par' dir='ltr' id='par_1_10' title="bbox 180 2209 1445 2257">
     <span class='ocr_line' id='line_1_25' title="bbox 180 2209 1445 2257; baseline -0.002 -11"><span class='ocrx_word' id='word_1_255' title='bbox 180 2215 211 2246; x_wconf 79' lang='lat'><strong><em>2.</em></strong></span> <span class='ocrx_word' id='word_1_256' title='bbox 250 2212 504 2257; x_wconf 74' lang='grc' dir='ltr'><strong><em>ἐπιζευχθεῖσα</em></strong></span> <span class='ocrx_word' id='word_1_257' title='bbox 534 2213 556 2257; x_wconf 88' lang='grc' dir='ltr'><em>ἡ</em></span> <span class='ocrx_word' id='word_1_258' title='bbox 592 2213 676 2257; x_wconf 87' lang='grc' dir='ltr'><strong><em>ΘΗ]</em></strong></span> <span class='ocrx_word' id='word_1_259' title='bbox 709 2211 982 2257; x_wconf 77' lang='grc' dir='ltr'><strong><em>ἐπιζευχθείσης</em></strong></span> <span class='ocrx_word' id='word_1_260' title='bbox 1011 2217 1075 2257; x_wconf 82' lang='grc' dir='ltr'><strong><em>τῆς</em></strong></span> <span class='ocrx_word' id='word_1_261' title='bbox 1108 2214 1186 2247; x_wconf 83' lang='grc' dir='ltr'><strong><em>ΘΗ</em></strong></span> <span class='ocrx_word' id='word_1_262' title='bbox 1213 2212 1309 2254; x_wconf 86' lang='lat' dir='ltr'><strong>cod.‚</strong></span> <span class='ocrx_word' id='word_1_263' title='bbox 1347 2209 1445 2254; x_wconf 87' lang='lat' dir='ltr'><strong>quod</strong></span> 
     </span>
    </p>
   </div>
   <div class='ocr_carea' id='block_1_6' title="bbox 119 2257 1474 2340">
    <p class='ocr_par' dir='ltr' id='par_1_11' title="bbox 119 2257 1474 2340">
     <span class='ocr_line' id='line_1_26' title="bbox 120 2257 1446 2338; baseline 0 -46"><span class='ocrx_word' id='word_1_264' title='bbox 120 2258 274 2338; x_wconf 53' lang='lat' dir='ltr'><strong><em>fortagpe</em></strong></span> <span class='ocrx_word' id='word_1_265' title='bbox 298 2258 449 2293; x_wconf 75' lang='lat' dir='ltr'><strong>retineri</strong></span> <span class='ocrx_word' id='word_1_266' title='bbox 473 2260 605 2303; x_wconf 71' lang='lat' dir='ltr'><strong>potest.</strong></span> <span class='ocrx_word' id='word_1_267' title='bbox 713 2263 744 2293; x_wconf 84' lang='lat'><strong><em>5.</em></strong></span> <span class='ocrx_word' id='word_1_268' title='bbox 771 2258 1028 2304; x_wconf 71' lang='grc' dir='ltr'><strong><em>μεταβάλλεται</em></strong></span> <span class='ocrx_word' id='word_1_269' title='bbox 1052 2258 1208 2293; x_wconf 79' lang='lat' dir='ltr'>Hultsoh</span> <span class='ocrx_word' id='word_1_270' title='bbox 1233 2269 1315 2292; x_wconf 88' lang='lat' dir='ltr'><strong><em>cum</em></strong></span> <span class='ocrx_word' id='word_1_271' title='bbox 1340 2257 1446 2293; x_wconf 89' lang='lat' dir='ltr'>Com-</span> 
     </span>
     <span class='ocr_line' id='line_1_27' title="bbox 119 2314 1474 2340; baseline 0.011 -2"><span class='ocrx_word' id='word_1_272' title='bbox 119 2314 204 2338; x_wconf 71' lang='lat' dir='ltr'><strong><em>man</em></strong></span> <span class='ocrx_word' id='word_1_273' title='bbox 233 2315 304 2340; x_wconf 83' lang='lat'>1110.</span> <span class='ocrx_word' id='word_1_274' title='bbox 1471 2321 1474 2325; x_wconf 77' lang='grc'><strong><em>’</em></strong></span> 
     </span>
    </p>
   </div>
  </div>
 </body>
</html>
