1494 2450
525 33 867 69 PHAENOMENA
1289 34 1309 74 1
1319 33 1339 74 1
1350 35 1368 75 1

20 163 21 174 2
81 159 178 187 nam
203 146 387 200 ponatur
412 147 529 185 arcui
552 146 640 185 ZH
660 145 702 185 et
727 144 918 197 aequalis
944 145 986 184 et
1006 143 1230 198 oppositus
1250 157 1373 185 arcus

26 211 125 252 AM.
155 212 300 264 itaque
327 224 448 251 arcus
468 211 575 263 MA,
598 211 684 251 ΘΚ
706 211 983 263 conspicuum
1008 208 1372 263 hemisphaerium

25 273 186 330 aequali
220 277 412 330 tempore
447 276 704 330 permutant.
755 288 903 316 verum
939 288 1024 329 quo
1060 277 1252 330 tempore
1281 277 1372 316 MA

18 330 296 395 'conspicuum
322 339 685 395 hemisphaerium
711 342 940 395 permutat,
966 354 1016 382 eo
1046 343 1135 382 ZH
1154 339 1370 382 occultum

18 407 231 460 *permutat
263 405 400 461 [prop.
422 405 534 461 XV].
584 408 731 461 itaque
769 420 854 460 quo
893 408 1086 461 tempore
1123 420 1246 447 arcus
1286 408 1371 448 ΘΚ

17 472 296 526 {conspicuum
322 470 684 526 hemisphaerium
711 473 940 527 permutat,
966 485 1016 513 eo
1043 486 1165 514 arcus
1192 475 1277 513 HZ
1305 486 1372 513 oc-

18 535 181 578 ‘ultum
226 539 454 591 permutat.
505 537 651 578 cadem
688 540 826 593 igitur
863 537 914 578 de
953 551 1079 579 causa
1116 539 1246 579 etiam
1285 551 1371 592 quo

17 602 209 656 tempore
234 617 356 644 arcus
387 605 478 644 ΘΚ
507 602 724 645 occultum
750 602 1116 658 hemisphaerium
1142 606 1371 658 permutat,

21 680 70 708 eo
94 669 146 708 H
148 670 182 709 Z
208 670 486 723 conspicuum
512 671 738 723 permutat.

79 730 233 774 XVIII.
259 731 449 775 Arcuum
477 735 620 775 autem
646 735 890 789 aequalium
916 737 961 775 in
988 735 1270 791 semicirculo,
1296 738 1371 790 qui

21 797 319 852 aequinoctiali
339 799 390 841 ad
411 801 622 842 aestivum
636 802 852 855 tropicum
868 800 1146 857 abscinditur,
1165 801 1274 843 alter
1286 816 1371 843 ma-

16 864 110 904 iore
122 865 313 919 tempore
334 868 613 919 conspicuum
632 864 994 921 hemisphaerium
1012 868 1228 920 permutat
1243 881 1371 922 quam

917 932 1109 986 reliquus
1154 931 1370 975 occultum

916 999 959 1039 et
970 996 1153 1052 quilibet
1164 997 1370 1052 quolibet.

976 1065 1034 1105 sit
1053 1065 1098 1104 in
1118 1063 1278 1105 mundo
1295 1064 1370 1106 ho-

915 1131 1035 1169 rizon
1061 1132 1104 1170 A
1112 1130 1208 1182 ΒΓ,
1237 1131 1280 1171 et
1306 1144 1371 1172 ae—

916 1195 1054 1235 stivus
1086 1196 1279 1249 tropicus
1312 1198 1371 1237 sit

916 1259 1012 1313 ΑΞ,
1019 1259 1217 1301 hiemalis
1226 1264 1370 1303 autem

915 1327 1018 1380 AO3
1043 1325 1370 1380 aequinoctialis

915 1389 1097 1432 circulus
1135 1392 1192 1433 sit
1226 1394 1370 1446 ΒΕΓ,

914 1456 1115 1498 zodiacus
1129 1459 1271 1499 autem
1293 1460 1370 1499 cir-

916 1521 1036 1563 culus
1107 1525 1368 1577 positionem

914 1586 1070 1628 habeat
1090 1590 1228 1642 AEO,
1256 1590 1299 1630 et
1322 1591 1369 1630 111

914 1652 1185 1694 semicirculo
1243 1655 1321 1695 ΤΑ
1329 1657 1371 1695 Ε

914 1731 1037 1759 arcus
1063 1719 1260 1774 aequales
1281 1722 1369 1760 sint

916 1786 1023 1837 ΖΗ,
1054 1786 1160 1838 ΘΚ,
1191 1787 1369 1839 propior

11 1842 154 1883 autem
181 1845 237 1884 sit
263 1847 425 1887 aestivo
450 1848 617 1900 tropico
644 1861 767 1888 arcus
797 1850 904 1899 ZH;
937 1848 1050 1903 dieo,
1078 1851 1237 1892 maiore
1262 1852 1367 1892 tem-

18 1917 117 1960 pore
143 1922 285 1950 arcum
313 1912 364 1951 Η
369 1913 404 1951 Ζ
430 1912 708 1967 conspicuum
734 1912 1097 1968 hemisphaerium
1123 1918 1366 1970 permutare

19 1982 142 2027 quam
173 1975 256 2015 ΘΚ
279 1968 494 2018 occultum
522 1980 564 2019 et
590 1977 825 2032 quemlibet
851 1978 1055 2034 quolibet.

74 2050 171 2080 nam
196 2042 382 2094 ponatur
407 2045 524 2084 arcui
548 2045 632 2085 ΘΚ
654 2045 697 2085 et
722 2045 912 2100 aequalis
932 2047 975 2087 et
994 2048 1221 2101 oppositus
1241 2061 1365 2089 arcus

18 2101 123 2143 MN.
160 2117 288 2158 quare
317 2108 406 2147 ZH
424 2110 588 2149 aestivo
615 2110 781 2164 tropico
807 2112 985 2165 propior
1009 2114 1074 2152 est
1100 2126 1228 2166 quam
1256 2114 1364 2154 MN.

17 2165 157 2221 itaque
182 2172 342 2212 maiore
368 2173 561 2227 tempore
588 2176 675 2216 ZH
696 2178 973 2230 conspicuum
1001 2175 1363 2231 hemisphaerium

19 2235 225 2284 permutat
257 2250 382 2290 quam
419 2239 527 2278 MN
555 2239 832 2294 conspicuum
868 2241 1006 2296 [prop.
1028 2240 1165 2297 XIV].
1214 2257 1363 2285 verum
