1494 2450
560 34 864 71 FRAGMENTA
1308 33 1394 75 259

8 118 11 186 Ξ
39 147 123 202 γὰρ
151 147 213 195 εἰς
237 151 354 201 τρεῖς
378 145 455 195 τὰς
482 146 525 186 Γ
520 147 575 199 Λ,
594 146 694 198 ΔΘ,
715 146 808 187 ΗΚ
830 142 907 185 ἀπὶ
940 149 1020 186 τοῦ
1047 143 1184 186 αὐτοῦ
1211 143 1395 197 σημείου

39 217 118 254 τοῦ
144 214 186 253 Ε
215 211 298 253 δύο
330 209 515 265 ἠγμέναι
547 208 662 252 εἰσὶν
694 210 739 252 αἱ
764 212 862 264 ΕΓ,
889 212 996 251 ΕΔ·
1039 209 1112 251 καὶ
1145 209 1204 259 ὡς
1234 208 1319 265 ἄρα
1343 207 1393 250 τὸ

6 274 9 366 f
38 275 125 319 ὑπὸ
152 279 247 331 ΕΘ,
275 277 364 318 ΓΗ
380 274 494 331 πρὸς
517 274 567 317 τὸ
594 274 681 318 ὑπὸ
701 277 794 330 ΕΓ,
818 277 916 330 ΘΗ,
943 275 1084 325 οὕτως
1109 273 1158 316 τὸ
1183 272 1271 316 ὑπὸ
1293 275 1398 328 ΝΔ,

45 1164 125 1204 ΓΖ
150 1159 264 1217 πρὸς
288 1159 337 1202 τὸ
362 1159 449 1203 ὑπὸ
476 1162 578 1214 NF,
607 1163 699 1202 ZA.
750 1160 825 1202 διὰ
853 1160 907 1215 δὴ
933 1159 982 1202 τὸ
1007 1159 1405 1215 προγεγραμμένον

43 1226 200 1270 εὐθεῖά
225 1225 346 1268 ἐστιν
371 1226 398 1281 ἡ
424 1226 498 1268 διὰ
522 1233 613 1268 τῶν
638 1228 695 1280 Α,
719 1228 770 1280 Θ,
788 1229 833 1268 Δ
847 1239 855 1247 ·
894 1224 967 1268 καὶ
992 1226 1019 1280 ἡ
1047 1226 1122 1268 διὰ
1148 1232 1236 1268 τῶν
1262 1229 1318 1281 Α,
1339 1228 1404 1281 M,
1455 1240 1476 1270 5

0 1315 3 1318 >
42 1296 86 1335 A
112 1293 196 1349 ἄρα
223 1291 378 1334 εὐθεῖά
404 1290 535 1334 ἐστιν.

105 1368 175 1425 ιη’.
214 1371 444 1424 Τρίγωνον
469 1367 518 1411 τὸ
542 1371 679 1423 ΑΒΓ,
705 1367 778 1410 καὶ
805 1374 856 1424 τῇ
877 1370 962 1410 ΒΓ
980 1369 1260 1424 παράλληλος
1279 1369 1404 1423 ἤχθω

44 1436 70 1490 ἡ
96 1438 196 1490 ΑΔ,
220 1435 294 1477 καὶ
321 1435 579 1489 διήχθωσαν
606 1434 649 1476 αἱ
675 1437 773 1489 ΔΕ,
803 1436 898 1489 ΖΗ,
930 1431 1041 1476 ἔστω
1068 1433 1132 1489 δέ,
1158 1434 1216 1484 ὡς
1241 1432 1289 1476 τὸ
1318 1432 1404 1476 ἀπὸ

44 1503 128 1543 ΕΒ
160 1499 272 1556 πρὸς
302 1498 351 1542 τὸ
384 1499 471 1542 ὑπὸ
499 1501 647 1554 ΕΓΒ,
687 1499 828 1549 οὕτως
858 1499 885 1553 ἡ
918 1501 1016 1541 ΒΗ
1040 1498 1154 1553 πρὸς
1185 1499 1267 1553 τὴν
1293 1501 1404 1541 ΗΓ·

46 1565 133 1620 ὅτι,
171 1564 249 1608 ἐὰν
287 1565 522 1621 ἐπιζευχθῇ
560 1565 587 1619 ἡ
615 1567 718 1619 ΒΔ,
757 1566 925 1619 γίνεται
964 1565 1121 1607 εὐθεῖα
1151 1564 1178 1619 ἡ
1211 1565 1286 1606 διὰ
1316 1571 1407 1607 τῶν
1434 1580 1478 1611 10

48 1634 98 1686 ο,
125 1633 181 1686 Κ,
209 1633 255 1673 Γ.

106 1696 203 1740 ἐπεί
230 1696 370 1752 ἐστιν,
403 1697 461 1747 ὡς
491 1696 541 1739 τὸ
576 1694 660 1738 ἀπὸ
695 1701 771 1750 τῆς
802 1698 886 1737 ΕΒ
919 1694 1028 1751 πρὸς
1059 1694 1109 1738 τὸ
1142 1694 1231 1738 ὑπὸ
1256 1698 1407 1754 ΕΓΒ,

47 1763 186 1812 οὕτως
216 1763 243 1817 ἡ
269 1765 368 1804 ΒΗ
390 1761 504 1819 πρὸς
530 1764 635 1816 ΗΓ,
666 1759 818 1811 κοινὸς
848 1762 932 1815 ἄρα
964 1763 1248 1817 προσκείσθω
1282 1761 1305 1803 6
1331 1767 1408 1816 τῆς

45 1831 121 1870 ΓΕ
143 1827 253 1885 πρὸς
278 1831 361 1870 ΕΒ
394 1829 524 1882 λόγος
549 1827 572 1869 6
598 1826 734 1877 αὐτὸς
759 1827 824 1869 ὢν
848 1831 908 1884 τῷ
933 1831 1013 1868 τοῦ
1040 1824 1128 1869 ὑπὸ
1155 1829 1272 1868 ΕΓΒ
1297 1826 1408 1882 πρὸς

0 1937 1 1940 ,
47 1893 95 1936 τὸ
121 1893 208 1936 ὑπὸ
236 1895 376 1936 ΕΒΓ·
410 1893 475 1935 δι’
499 1893 599 1935 ἴσου
626 1893 710 1949 ἄρα
736 1893 759 1936 ὁ
785 1898 864 1934 τοῦ
891 1891 977 1934 ἀπὸ
998 1895 1076 1934 ΕΒ
1103 1891 1216 1948 πρὸς
1240 1891 1290 1934 τὸ
1317 1890 1405 1934 ὑπὸ
1435 1907 1478 1938 15

47 1961 173 2001 ΕΒΓ
191 1960 335 2013 λόγος,
359 1958 589 2001 τουτέστιν
615 1958 638 2000 6
664 1964 740 2013 τῆς
765 1960 843 1999 ΕΒ
870 1957 982 2014 πρὸς
1006 1958 1087 2012 τὴν
1107 1959 1198 2012 ΒΓ,
1225 1957 1248 2000 6
1275 1957 1409 2008 αὐτός

0 2064 2 2068 ,
48 2023 168 2066 ἐστιν
199 2027 260 2080 τῷ
292 2022 556 2081 συνημμένῳ
587 2021 636 2065 ἔκ
666 2038 713 2066 τε
743 2029 824 2065 τοῦ
850 2029 927 2078 τῆς
952 2026 1050 2066 ΒΗ
1074 2022 1188 2076 πρὸς
1214 2025 1311 2065 ΗΓ
1334 2022 1407 2065 καὶ

47 2095 127 2132 τοῦ
152 2095 231 2131 τοῦ
257 2087 343 2130 ὑπὸ
362 2091 491 2131 ΕΓΒ
515 2087 629 2144 πρὸς
653 2088 703 2131 τὸ
729 2087 815 2131 ὑπὸ
835 2090 980 2139 ΕΒΓ,
1006 2089 1053 2138 ὅς
1079 2087 1201 2131 ἐστιν
1226 2088 1249 2131 6
1275 2087 1408 2138 αὐτὸς

48 2158 108 2213 τῷ
129 2160 204 2208 τῆς
229 2156 314 2196 ΕΓ
331 2153 443 2209 πρὸς
467 2156 568 2197 ΕΒ·
601 2155 712 2197 ὥστε
737 2154 760 2197 6
786 2161 866 2197 τοῦ
892 2153 978 2197 ἀπὸ
1006 2157 1084 2196 ΕΒ
1111 2153 1221 2208 πρὸς
1245 2153 1294 2197 τὸ
1319 2153 1406 2196 ὑπὸ

50 2312 85 2347 Η
109 2269 145 2348 ᾗ
180 2265 522 2347 ἶρογεγραμμένον]
557 2266 695 2301 lemma
719 2266 813 2301 XVI.
963 2270 1017 2301 13.
1053 2266 1144 2312 ἄρα]
1180 2265 1285 2301 uncis
1320 2265 1407 2300 incl.

86 2325 110 2347 u
147 2324 186 2348 sc
216 2342 222 2348 .

1122 2373 1194 2408 17*
