1494 2450
96 1311 138 1341 10

1472 0 1490 42 1

161 83 215 123 74
662 84 969 119 ΦΑΙΝΟΜΕΝΑ
1480 55 1489 106 32:

159 188 311 244 φέρεια
339 194 407 244 ἴση
434 188 524 232 ἐστὶ
548 197 599 245 τῇ
622 193 658 231 Ο
673 193 728 231 Ψ.
759 188 808 233 ἐν
834 185 867 246 ᾧ
893 190 976 244 ἄρα
1001 188 1048 232 τὸ
1070 193 1112 232 ,Ω
1137 190 1379 247 ἀρξάμενον
1399 189 1490 234 ἀπὸἶ

158 260 237 296 τοῦ
264 253 302 299 Ξ
323 255 403 308 τὴν
429 254 514 300 ΞΩ
540 253 766 310 διέρχεται,
791 252 840 296 ἐν
863 255 1001 310 τούτῳ
1027 253 1098 296 καὶ
1122 255 1172 297 τὸ
1205 258 1252 296 Ψ
1271 256 1352 310 τὴν
1384 249 1491 310 ΨΟΞ]

159 316 251 360 ἀλλ’
282 317 331 360 ἐν
367 314 401 375 ᾧ
437 316 518 372 μὲν
553 319 601 360 τὸ
633 320 676 359 Ω
712 317 953 373 ἀρξάμενον
989 318 1073 360 ἀπὸ
1110 324 1188 360 τοῦ
1220 318 1259 365 Ξ
1287 320 1366 373 τὴν
1399 318 1491 366 ΞΩῑ

159 381 385 436 διέρχεται,
405 383 430 437 ἡ
450 385 533 424 ΒΩ
552 383 692 424 δύνει·
725 382 771 424 ἐν
791 377 825 438 ᾧ
845 379 892 423 δὲ
911 383 959 424 τὸ
986 385 1034 424 Ψ
1048 383 1127 436 τὴν
1148 385 1241 423 ΟΨ
1257 382 1482 438 διέρχεται,

160 447 185 501 ἡ
207 450 302 489 ΒΨ
322 448 457 489 δύνει.
489 446 536 489 ἐν
563 452 641 504 ἴσῳ
665 448 748 502 ἄρα
766 448 907 503 χρόνῳ
928 447 972 488 αἱ
992 449 1087 500 ΩΒ,
1106 449 1142 487 Β
1154 450 1200 487 Ψ
1216 446 1484 502 περιφέρειαι

160 512 389 553 δύνουσιν·
430 513 539 554 ὥστε
564 510 635 553 καὶ
661 512 705 553 αἱ
730 513 844 564 ΚΗ,
870 514 956 553 ΗΛ
981 510 1029 552 ἐν
1056 515 1133 567 ἴσῳ
1159 512 1299 568 χρόνῳ
1326 512 1484 554 δύνου-

159 586 247 617 σιν·
288 574 446 629 ὁμοίως
476 573 548 616 καὶ
573 576 618 616 αἱ
647 577 752 628 ΘΚ,
778 577 885 616 ΛΜ.
929 575 1002 616 διὰ
1033 575 1084 616 τὰ
1115 574 1222 616 αὐτὰ
1255 575 1307 628 δὴ
1339 575 1411 618 καὶ
1440 575 1484 618 αὶ

161 642 268 693 ΑΘ,
290 641 390 681 ΜΓ
410 638 456 681 ἐν
482 638 561 695 ἴσῳ
587 640 729 695 χρόνῳ
757 639 980 681 δύνουσιν.
1014 637 1061 680 ἐν
1085 641 1255 680 πλείονι
1280 636 1328 681 δὲ
1346 641 1485 696 χρόνῳ

218 780 283 821 καὶ
308 782 533 854 θεωρείσθω
559 781 603 820 τὰ
629 781 812 834 λεγόμενα
837 780 899 821 ἐπὶ
924 787 992 833 τῆς
1019 779 1197 833 δευτέρας
1221 787 1486 854 καταγραφῆς,

160 839 225 879 καὶ
249 839 343 879 ἔστω
368 840 410 880 τὸ
437 838 529 891 μετὰ
553 839 620 879 τὸν
645 840 846 892 Καρκίνον
873 837 1102 891 ἡμικύκλιον
1128 838 1204 878 ὑπὸ
1229 845 1303 892 γῆν
1328 839 1369 879 τὸ
1395 842 1484 889 ΑΓ,

160 897 225 938 καὶ
250 898 454 953 διῃρήσθω
480 897 635 951 ἑκατέρα
659 904 735 937 τῶν
756 901 861 948 ΑΗ,
881 901 966 937 ΗΓ
985 898 1039 945 εἰς
1063 898 1147 948 τρία
1173 898 1235 936 ἴσα
1259 897 1354 936 κατὰ
1372 897 1416 936 τὰ
1439 898 1485 948 Θ,

161 959 208 1006 Κ,
234 959 288 1008 Λ,
314 959 369 995 Μ
389 960 541 1007 σημεῖα,
565 955 630 995 καὶ
655 956 823 996 ἔστωσαν
847 951 940 995 καθ’
964 951 1019 995 ὧν
1044 954 1197 1008 φέρεται
1221 955 1266 995 τὰ
1295 957 1340 1007 Θ,
1364 958 1415 1006 Κ,
1435 927 1485 1028 ΑΞ

162 1017 217 1054 M
237 1019 375 1066 σημεῖα
399 1015 632 1067 παράλληλοι
657 1015 792 1054 κύκλοι
817 1015 857 1054 οἱ
878 1012 975 1063 ΝΞ,
1004 1016 1103 1064 ΟΠ,
1131 1017 1218 1065 ΡΣ,
1242 1017 1323 1054 ΤΥ,
1354 1013 1435 1053 ἐπεὶ
1459 1011 1482 1064 ἡ

161 1076 247 1112 ΖΗ
271 1079 339 1124 τῆς
364 1076 455 1112 KH
481 1073 617 1124 μείζων
647 1071 802 1113 ἕστὶν”
781 1089 805 1124 η
838 1071 969 1124 ὁμοία,
1007 1072 1099 1111 ἔστω
1130 1078 1174 1127 τῇ
1199 1044 1288 1111 ΚΠ
1314 1070 1427 1123 ὁμοία
1460 1087 1484 1122 η

163 1134 207 1170 H
215 1134 273 1170 Φ
316 1131 358 1171 ἐν
383 1123 413 1186 ᾧ
435 1147 509 1184 αρα
534 1131 657 1187 χρόνῳ
682 1131 724 1171 τὸ
750 1134 786 1170 Κ
811 1130 1028 1183 ἀρξάμενον
1052 1129 1128 1170 ἀπὸ
1154 1137 1222 1170 τοῦ
1247 1133 1283 1168 Κ
1306 1131 1378 1182 τὴν
1403 1131 1486 1169 ΚΠ

162 1189 408 1242 περιφέρειαν
433 1189 591 1229 διελθὸν
616 1188 677 1229 ἐπὶ
702 1189 742 1230 τὸ
770 1191 815 1227 Π
832 1190 1118 1241 παραγίγνεται,
1142 1187 1184 1227 ἕν
1209 1189 1330 1244 τούτῳ
1355 1188 1418 1228 καὶ
1443 1187 1484 1227 τὸ

164 1251 208 1286 Η
228 1247 442 1300 ἀρξάμενον
472 1246 549 1287 ἀπὸ
580 1254 647 1287 τοῦ
674 1251 718 1286 Η
747 1248 817 1299 τὴν
843 1250 887 1285 Η
895 1250 931 1286 Φ
965 1245 1209 1300 περιφέρειαν
1241 1230 1398 1287 διελθὸν
1423 1245 1485 1286 ἐπι

164 1306 205 1346 τὸ
234 1309 271 1346 Φ
301 1305 480 1359 παρέσται
512 1305 577 1345 καὶ
609 1305 629 1346 ὁ
660 1312 736 1345 τῶν
767 1306 916 1361 ζῳδίων
940 1306 1079 1352 κύκλος
1104 1303 1216 1344 θέσιν
1242 1305 1314 1352 ἕξει
1338 1303 1390 1352 ὡς
1414 1304 1484 1355 τὴν

166 1367 256 1404 ΦΠ
263 1367 308 1403 X.
357 1365 486 1416 πάλιν,
520 1363 601 1404 ἐπεὶ
631 1362 654 1415 ἡ
682 1367 767 1402 ΛΣ
797 1370 864 1415 τῆς
891 1367 970 1402 ΗΖ
1005 1364 1142 1414 μείζων
1173 1362 1275 1402 ἐστὶν
1306 1361 1332 1415 ἢ
1358 1361 1484 1414 ὁμοία,

223 2110 255 2135 a.
283 2104 314 2135 6.
345 2099 395 2144 αἱ]
423 2099 445 2144 ἡ
471 2110 504 2135 a.

221 2323 257 2361 b.
285 2327 315 2358 5.
342 2321 435 2371 ἐπεί]
460 2322 523 2358 καὶ
548 2321 626 2358 ἐπεί
651 2333 697 2357 m.
725 2325 744 2357 2
771 2321 852 2358 Vat.
