<?xml version="1.0" encoding="UTF-8"?>
<!DOCTYPE html PUBLIC "-//W3C//DTD XHTML 1.0 Transitional//EN"
    "http://www.w3.org/TR/xhtml1/DTD/xhtml1-transitional.dtd">
<html xmlns="http://www.w3.org/1999/xhtml" xml:lang="en" lang="en">
 <head>
  <title>
</title>
<meta http-equiv="Content-Type" content="text/html;charset=utf-8" />
  <meta name='ocr-system' content='tesseract 3.04.00' />
  <meta name='ocr-capabilities' content='ocr_page ocr_carea ocr_par ocr_line ocrx_word'/>
</head>
<body>
  <div class='ocr_page' id='page_1' title='image "./euclidisoperaomn08eucluoft_0244.png"; bbox 0 0 1494 2450; ppageno 0'>
   <div class='ocr_carea' id='block_1_1' title="bbox 90 975 132 1007">
    <p class='ocr_par' dir='ltr' id='par_1_1' title="bbox 90 975 132 1007">
     <span class='ocr_line' id='line_1_1' title="bbox 90 975 132 1007; baseline 0.024 -1"><span class='ocrx_word' id='word_1_1' title='bbox 90 975 132 1007; x_wconf 90' lang='lat'><em>10</em></span> 
     </span>
    </p>
   </div>
   <div class='ocr_carea' id='block_1_2' title="bbox 87 1296 129 1328">
    <p class='ocr_par' dir='ltr' id='par_1_2' title="bbox 87 1296 129 1328">
     <span class='ocr_line' id='line_1_2' title="bbox 87 1296 129 1328; baseline 0.024 -1"><span class='ocrx_word' id='word_1_2' title='bbox 87 1296 129 1328; x_wconf 86' lang='lat'><em>15</em></span> 
     </span>
    </p>
   </div>
   <div class='ocr_carea' id='block_1_3' title="bbox 85 1616 128 1647">
    <p class='ocr_par' dir='ltr' id='par_1_3' title="bbox 85 1616 128 1647">
     <span class='ocr_line' id='line_1_3' title="bbox 85 1616 128 1647; baseline 0 0"><span class='ocrx_word' id='word_1_3' title='bbox 85 1616 128 1647; x_wconf 91' lang='grc'><em>20</em></span> 
     </span>
    </p>
   </div>
   <div class='ocr_carea' id='block_1_4' title="bbox 1460 0 1494 353">
    <p class='ocr_par' dir='ltr' id='par_1_4' title="bbox 1458 0 1494 353">
     <span class='ocr_line' id='line_1_4' title="bbox 1460 0 1494 206; baseline 0 -204"><span class='ocrx_word' id='word_1_4' title='bbox 1460 0 1494 206; x_wconf 39' lang='grc' dir='ltr'><em>ἶ,</em></span> 
     </span>
     <span class='ocr_line' id='line_1_5' title="bbox 1468 288 1481 353; baseline 0.538 -6"><span class='ocrx_word' id='word_1_5' title='bbox 1468 288 1481 353; x_wconf 60' lang='grc' dir='ltr'><strong>ῑὲ</strong></span> 
     </span>
    </p>
   </div>
   <div class='ocr_carea' id='block_1_5' title="bbox 151 383 1494 2231">
    <p class='ocr_par' dir='ltr' id='par_1_5' title="bbox 157 383 1490 763">
     <span class='ocr_line' id='line_1_6' title="bbox 221 383 1479 445; baseline 0.006 -18"><span class='ocrx_word' id='word_1_6' title='bbox 221 387 256 428; x_wconf 91' lang='grc'><em>1.</em></span> <span class='ocrx_word' id='word_1_7' title='bbox 285 386 512 441; x_wconf 81' lang='grc' dir='ltr'><em>Ἁρμονική</em></span> <span class='ocrx_word' id='word_1_8' title='bbox 544 386 671 429; x_wconf 78' lang='grc' dir='ltr'><em>ἐστιν’</em></span> <span class='ocrx_word' id='word_1_9' title='bbox 687 387 895 442; x_wconf 78' lang='grc' dir='ltr'><strong><em>ἐπιστήμη</em></strong></span> <span class='ocrx_word' id='word_1_10' title='bbox 922 391 1165 444; x_wconf 85' lang='grc' dir='ltr'><em>θεωρητική</em></span> <span class='ocrx_word' id='word_1_11' title='bbox 1189 406 1234 432; x_wconf 88' lang='grc' dir='ltr'><em>τε</em></span> <span class='ocrx_word' id='word_1_12' title='bbox 1259 391 1328 432; x_wconf 87' lang='grc' dir='ltr'><em>καὶ</em></span> <span class='ocrx_word' id='word_1_13' title='bbox 1353 383 1479 445; x_wconf 49' lang='grc' dir='ltr'><em>πρακ-’ῘΙ</em></span> 
     </span>
     <span class='ocr_line' id='line_1_7' title="bbox 158 451 1479 507; baseline 0.004 -15"><span class='ocrx_word' id='word_1_14' title='bbox 158 451 254 504; x_wconf 88' lang='grc' dir='ltr'><em>τικὴ</em></span> <span class='ocrx_word' id='word_1_15' title='bbox 279 457 353 505; x_wconf 85' lang='grc' dir='ltr'><em>τῆς</em></span> <span class='ocrx_word' id='word_1_16' title='bbox 378 457 455 492; x_wconf 88' lang='grc' dir='ltr'><em>τοῦ</em></span> <span class='ocrx_word' id='word_1_17' title='bbox 481 451 756 506; x_wconf 81' lang='grc' dir='ltr'><em>ἡρμοσμένου</em></span> <span class='ocrx_word' id='word_1_18' title='bbox 782 452 964 505; x_wconf 86' lang='grc' dir='ltr'><em>φύσεως.</em></span> <span class='ocrx_word' id='word_1_19' title='bbox 995 452 1268 507; x_wconf 86' lang='grc' dir='ltr'><em>ἡρμοσμένον</em></span> <span class='ocrx_word' id='word_1_20' title='bbox 1294 455 1342 496; x_wconf 83' lang='grc' dir='ltr'><em>δὲ</em></span> <span class='ocrx_word' id='word_1_21' title='bbox 1366 453 1413 496; x_wconf 91' lang='grc' dir='ltr'><em>τὸ</em></span> <span class='ocrx_word' id='word_1_22' title='bbox 1434 454 1479 507; x_wconf 53' lang='grc' dir='ltr'><em>ἐκ</em></span> 
     </span>
     <span class='ocr_line' id='line_1_8' title="bbox 159 515 1488 573; baseline 0.003 -17"><span class='ocrx_word' id='word_1_23' title='bbox 159 517 373 569; x_wconf 81' lang='grc' dir='ltr'><em>φθόγγων</em></span> <span class='ocrx_word' id='word_1_24' title='bbox 398 530 442 556; x_wconf 90' lang='grc' dir='ltr'><em>τε</em></span> <span class='ocrx_word' id='word_1_25' title='bbox 467 515 538 557; x_wconf 78' lang='grc' dir='ltr'><em>καὶ</em></span> <span class='ocrx_word' id='word_1_26' title='bbox 564 517 866 570; x_wconf 77' lang='grc' dir='ltr'><em>διαστημάτων</em></span> <span class='ocrx_word' id='word_1_27' title='bbox 883 518 1015 559; x_wconf 80' lang='grc' dir='ltr'><em>ποιὰν</em></span> <span class='ocrx_word' id='word_1_28' title='bbox 1033 516 1155 567; x_wconf 80' lang='grc' dir='ltr'><em>τάξιν</em></span> <span class='ocrx_word' id='word_1_29' title='bbox 1174 517 1359 572; x_wconf 85' lang='grc' dir='ltr'><em>ἐχόντων</em></span> <span class='ocrx_word' id='word_1_30' title='bbox 1379 529 1488 573; x_wconf 58' lang='grc' dir='ltr'><em>συγ-ι</em></span> 
     </span>
     <span class='ocr_line' id='line_1_9' title="bbox 157 578 1478 636; baseline 0.004 -16"><span class='ocrx_word' id='word_1_31' title='bbox 157 580 368 631; x_wconf 82' lang='grc' dir='ltr'><em>κείμενον.</em></span> <span class='ocrx_word' id='word_1_32' title='bbox 415 579 522 634; x_wconf 90' lang='grc' dir='ltr'><em>μέρη</em></span> <span class='ocrx_word' id='word_1_33' title='bbox 558 578 606 622; x_wconf 77' lang='grc' dir='ltr'><em>δὲ</em></span> <span class='ocrx_word' id='word_1_34' title='bbox 640 580 771 634; x_wconf 86' lang='grc' dir='ltr'><em>αὐτῆς</em></span> <span class='ocrx_word' id='word_1_35' title='bbox 805 579 923 622; x_wconf 84' lang='grc' dir='ltr'><em>ἐστιν</em></span> <span class='ocrx_word' id='word_1_36' title='bbox 958 580 1079 622; x_wconf 87' lang='grc' dir='ltr'><em>ἑπτά·</em></span> <span class='ocrx_word' id='word_1_37' title='bbox 1121 580 1219 636; x_wconf 83' lang='grc' dir='ltr'><em>περὶ</em></span> <span class='ocrx_word' id='word_1_38' title='bbox 1254 582 1478 636; x_wconf 63' lang='grc' dir='ltr'><em>φθόγγων,</em></span> 
     </span>
     <span class='ocr_line' id='line_1_10' title="bbox 157 643 1490 700; baseline 0.003 -15"><span class='ocrx_word' id='word_1_39' title='bbox 157 643 254 696; x_wconf 88' lang='grc' dir='ltr'><em>περὶ</em></span> <span class='ocrx_word' id='word_1_40' title='bbox 286 644 599 698; x_wconf 79' lang='grc' dir='ltr'><em>διαστημάτων,</em></span> <span class='ocrx_word' id='word_1_41' title='bbox 630 644 729 698; x_wconf 86' lang='grc' dir='ltr'><em>περὶ</em></span> <span class='ocrx_word' id='word_1_42' title='bbox 758 651 912 698; x_wconf 83' lang='grc' dir='ltr'><em>γενῶν,</em></span> <span class='ocrx_word' id='word_1_43' title='bbox 943 644 1042 698; x_wconf 85' lang='grc' dir='ltr'><em>περὶ</em></span> <span class='ocrx_word' id='word_1_44' title='bbox 1073 647 1352 700; x_wconf 77' lang='grc' dir='ltr'><em>συστήματος,</em></span> <span class='ocrx_word' id='word_1_45' title='bbox 1382 645 1490 700; x_wconf 57' lang='grc' dir='ltr'><em>περὶ</em></span> 
     </span>
     <span class='ocr_line' id='line_1_11' title="bbox 157 707 1109 763; baseline 0.002 -14"><span class='ocrx_word' id='word_1_46' title='bbox 157 709 301 761; x_wconf 85' lang='grc' dir='ltr'><em>τόνου,</em></span> <span class='ocrx_word' id='word_1_47' title='bbox 327 707 425 763; x_wconf 85' lang='grc' dir='ltr'><em>περὶ</em></span> <span class='ocrx_word' id='word_1_48' title='bbox 448 711 700 762; x_wconf 75' lang='grc' dir='ltr'><em>μεταβολῆς,</em></span> <span class='ocrx_word' id='word_1_49' title='bbox 724 708 823 763; x_wconf 83' lang='grc' dir='ltr'><em>περὶ</em></span> <span class='ocrx_word' id='word_1_50' title='bbox 848 711 1109 762; x_wconf 78' lang='grc' dir='ltr'><em>μελοποιΐας.</em></span> 
     </span>
    </p>

    <p class='ocr_par' dir='ltr' id='par_1_6' title="bbox 156 769 1485 894">
     <span class='ocr_line' id='line_1_12' title="bbox 216 769 1485 829; baseline 0.003 -16"><span class='ocrx_word' id='word_1_51' title='bbox 216 773 416 825; x_wconf 81' lang='grc' dir='ltr'><em>φθόγγος</em></span> <span class='ocrx_word' id='word_1_52' title='bbox 451 769 532 827; x_wconf 75' lang='grc' dir='ltr'><em>μὲν</em></span> <span class='ocrx_word' id='word_1_53' title='bbox 569 769 651 814; x_wconf 81' lang='grc' dir='ltr'><em>οὖν</em></span> <span class='ocrx_word' id='word_1_54' title='bbox 688 772 776 814; x_wconf 85' lang='grc' dir='ltr'><em>ε’στι</em></span> <span class='ocrx_word' id='word_1_55' title='bbox 814 779 962 827; x_wconf 82' lang='grc' dir='ltr'><em>φωνῆς</em></span> <span class='ocrx_word' id='word_1_56' title='bbox 998 781 1159 823; x_wconf 85' lang='grc' dir='ltr'><em>πτῶσις</em></span> <span class='ocrx_word' id='word_1_57' title='bbox 1199 772 1380 829; x_wconf 81' lang='grc' dir='ltr'><em>ἐμμελὴς</em></span> <span class='ocrx_word' id='word_1_58' title='bbox 1410 773 1485 818; x_wconf 57' lang='grc' dir='ltr'><em>ἐπὶ</em></span> 
     </span>
     <span class='ocr_line' id='line_1_13' title="bbox 156 836 1483 894; baseline 0.001 -17"><span class='ocrx_word' id='word_1_59' title='bbox 156 836 261 888; x_wconf 90' lang='grc' dir='ltr'><em>μίαν</em></span> <span class='ocrx_word' id='word_1_60' title='bbox 284 836 419 878; x_wconf 83' lang='grc' dir='ltr'><em>τάσιν.</em></span> <span class='ocrx_word' id='word_1_61' title='bbox 1478 891 1483 894; x_wconf 81' lang='lat'>.</span> 
     </span>
    </p>

    <p class='ocr_par' dir='ltr' id='par_1_7' title="bbox 156 899 1489 1021">
     <span class='ocr_line' id='line_1_14' title="bbox 215 899 1489 959; baseline 0.002 -17"><span class='ocrx_word' id='word_1_62' title='bbox 215 900 428 955; x_wconf 79' lang='grc' dir='ltr'><em>διάστημα</em></span> <span class='ocrx_word' id='word_1_63' title='bbox 455 901 503 943; x_wconf 81' lang='grc' dir='ltr'><em>δὲ</em></span> <span class='ocrx_word' id='word_1_64' title='bbox 527 899 574 942; x_wconf 89' lang='grc' dir='ltr'><em>τὸ</em></span> <span class='ocrx_word' id='word_1_65' title='bbox 598 903 907 955; x_wconf 85' lang='grc' dir='ltr'><em>περιεχόμενον</em></span> <span class='ocrx_word' id='word_1_66' title='bbox 930 900 1014 943; x_wconf 85' lang='grc' dir='ltr'><em>ὑπὸ</em></span> <span class='ocrx_word' id='word_1_67' title='bbox 1041 902 1121 943; x_wconf 82' lang='grc' dir='ltr'><em>δύο</em></span> <span class='ocrx_word' id='word_1_68' title='bbox 1150 903 1364 956; x_wconf 90' lang='grc' dir='ltr'><em>φθόγγων</em></span> <span class='ocrx_word' id='word_1_69' title='bbox 1384 902 1489 959; x_wconf 68' lang='grc' dir='ltr'><em>οἰνο·ι</em></span> 
     </span>
     <span class='ocr_line' id='line_1_15' title="bbox 156 963 1486 1021; baseline 0 -15"><span class='ocrx_word' id='word_1_70' title='bbox 156 965 295 1018; x_wconf 89' lang='grc' dir='ltr'><em>μοίων</em></span> <span class='ocrx_word' id='word_1_71' title='bbox 320 963 491 1019; x_wconf 82' lang='grc' dir='ltr'><em>ὀξύτητι</em></span> <span class='ocrx_word' id='word_1_72' title='bbox 517 963 587 1006; x_wconf 87' lang='grc' dir='ltr'><em>καὶ</em></span> <span class='ocrx_word' id='word_1_73' title='bbox 611 966 830 1021; x_wconf 88' lang='grc' dir='ltr'><em>βαρύτητι.</em></span> <span class='ocrx_word' id='word_1_74' title='bbox 1481 966 1486 968; x_wconf 68' lang='grc'>’</span> 
     </span>
    </p>

    <p class='ocr_par' dir='ltr' id='par_1_8' title="bbox 157 1027 1481 1212">
     <span class='ocr_line' id='line_1_16' title="bbox 214 1027 1373 1085; baseline 0.002 -15"><span class='ocrx_word' id='word_1_75' title='bbox 214 1028 341 1083; x_wconf 84' lang='grc' dir='ltr'><em>γένος</em></span> <span class='ocrx_word' id='word_1_76' title='bbox 365 1028 416 1070; x_wconf 81' lang='grc' dir='ltr'><em>δέ</em></span> <span class='ocrx_word' id='word_1_77' title='bbox 438 1027 529 1071; x_wconf 80' lang='grc' dir='ltr'><em>ἐστι</em></span> <span class='ocrx_word' id='word_1_78' title='bbox 553 1030 656 1071; x_wconf 81' lang='grc' dir='ltr'><em>ποιὰ</em></span> <span class='ocrx_word' id='word_1_79' title='bbox 680 1030 894 1085; x_wconf 77' lang='grc' dir='ltr'><em>τεττάρων</em></span> <span class='ocrx_word' id='word_1_80' title='bbox 919 1031 1130 1084; x_wconf 90' lang='grc' dir='ltr'><em>φθόγγων</em></span> <span class='ocrx_word' id='word_1_81' title='bbox 1155 1031 1373 1085; x_wconf 80' lang='grc' dir='ltr'><em>διαίρεσις.</em></span> 
     </span>
     <span class='ocr_line' id='line_1_17' title="bbox 216 1091 1481 1149; baseline 0.002 -15"><span class='ocrx_word' id='word_1_82' title='bbox 216 1093 410 1147; x_wconf 84' lang='grc' dir='ltr'><em>σύστημα</em></span> <span class='ocrx_word' id='word_1_83' title='bbox 436 1092 488 1135; x_wconf 84' lang='grc' dir='ltr'><em>δέ</em></span> <span class='ocrx_word' id='word_1_84' title='bbox 510 1092 600 1135; x_wconf 82' lang='grc' dir='ltr'><em>ἐστι</em></span> <span class='ocrx_word' id='word_1_85' title='bbox 625 1091 673 1135; x_wconf 90' lang='grc' dir='ltr'><em>τὸ</em></span> <span class='ocrx_word' id='word_1_86' title='bbox 698 1092 744 1135; x_wconf 81' lang='grc' dir='ltr'><em>ἐκ</em></span> <span class='ocrx_word' id='word_1_87' title='bbox 769 1095 984 1136; x_wconf 85' lang='grc' dir='ltr'><em>πλειόνων</em></span> <span class='ocrx_word' id='word_1_88' title='bbox 1005 1093 1032 1148; x_wconf 81' lang='grc' dir='ltr'><em>ἢ</em></span> <span class='ocrx_word' id='word_1_89' title='bbox 1058 1093 1154 1143; x_wconf 85' lang='grc' dir='ltr'><em>ἑνὸς</em></span> <span class='ocrx_word' id='word_1_90' title='bbox 1178 1095 1481 1149; x_wconf 77' lang='grc' dir='ltr'><em>διαστημάτων.</em></span> 
     </span>
     <span class='ocr_line' id='line_1_18' title="bbox 157 1159 452 1212; baseline 0 -14"><span class='ocrx_word' id='word_1_91' title='bbox 157 1159 452 1212; x_wconf 83' lang='grc' dir='ltr'><em>συγκείμενον.</em></span> 
     </span>
    </p>

    <p class='ocr_par' dir='ltr' id='par_1_9' title="bbox 154 1221 1479 1340">
     <span class='ocr_line' id='line_1_19' title="bbox 214 1221 1479 1278; baseline 0.002 -15"><span class='ocrx_word' id='word_1_92' title='bbox 214 1223 339 1271; x_wconf 87' lang='grc' dir='ltr'><em>τόνος</em></span> <span class='ocrx_word' id='word_1_93' title='bbox 371 1221 423 1264; x_wconf 81' lang='grc' dir='ltr'><em>δέ</em></span> <span class='ocrx_word' id='word_1_94' title='bbox 451 1221 540 1264; x_wconf 80' lang='grc' dir='ltr'><em>ἐστι</em></span> <span class='ocrx_word' id='word_1_95' title='bbox 573 1222 700 1272; x_wconf 82' lang='grc' dir='ltr'><em>τόπος</em></span> <span class='ocrx_word' id='word_1_96' title='bbox 730 1237 795 1272; x_wconf 89' lang='grc' dir='ltr'><em>τις</em></span> <span class='ocrx_word' id='word_1_97' title='bbox 823 1228 896 1276; x_wconf 85' lang='grc' dir='ltr'><em>τῆς</em></span> <span class='ocrx_word' id='word_1_98' title='bbox 922 1228 1070 1277; x_wconf 84' lang='grc' dir='ltr'><em>φωνῆς</em></span> <span class='ocrx_word' id='word_1_99' title='bbox 1104 1221 1297 1272; x_wconf 82' lang='grc' dir='ltr'><em>δεκτικὸς</em></span> <span class='ocrx_word' id='word_1_100' title='bbox 1326 1224 1479 1278; x_wconf 87' lang='grc' dir='ltr'><em>συστή-</em></span> 
     </span>
     <span class='ocr_line' id='line_1_20' title="bbox 154 1285 513 1340; baseline 0.003 -13"><span class='ocrx_word' id='word_1_101' title='bbox 154 1301 287 1338; x_wconf 88' lang='grc' dir='ltr'><em>ματος</em></span> <span class='ocrx_word' id='word_1_102' title='bbox 311 1285 513 1340; x_wconf 82' lang='grc' dir='ltr'><em>ἀπλατής.</em></span> 
     </span>
    </p>

    <p class='ocr_par' dir='ltr' id='par_1_10' title="bbox 153 1349 1478 1466">
     <span class='ocr_line' id='line_1_21' title="bbox 212 1349 1478 1406; baseline 0.002 -15"><span class='ocrx_word' id='word_1_103' title='bbox 212 1351 426 1405; x_wconf 83' lang='grc' dir='ltr'><em>μεταβολὴ</em></span> <span class='ocrx_word' id='word_1_104' title='bbox 458 1349 509 1392; x_wconf 81' lang='grc' dir='ltr'><em>δέ</em></span> <span class='ocrx_word' id='word_1_105' title='bbox 537 1349 656 1392; x_wconf 87' lang='grc' dir='ltr'><em>ἐστιν</em></span> <span class='ocrx_word' id='word_1_106' title='bbox 681 1349 834 1404; x_wconf 86' lang='grc' dir='ltr'><em>ὁμοίου</em></span> <span class='ocrx_word' id='word_1_107' title='bbox 866 1349 982 1400; x_wconf 89' lang='grc' dir='ltr'><em>τινὸς</em></span> <span class='ocrx_word' id='word_1_108' title='bbox 1017 1352 1079 1400; x_wconf 87' lang='grc' dir='ltr'><em>εἰς</em></span> <span class='ocrx_word' id='word_1_109' title='bbox 1103 1351 1312 1406; x_wconf 84' lang='grc' dir='ltr'><em>ἀνόμοιον</em></span> <span class='ocrx_word' id='word_1_110' title='bbox 1341 1352 1478 1393; x_wconf 83' lang='grc' dir='ltr'><em>τόπον</em></span> 
     </span>
     <span class='ocr_line' id='line_1_22' title="bbox 153 1413 393 1466; baseline 0.004 -11"><span class='ocrx_word' id='word_1_111' title='bbox 153 1413 393 1466; x_wconf 82' lang='grc' dir='ltr'><em>μετάθεσις.</em></span> 
     </span>
    </p>

    <p class='ocr_par' dir='ltr' id='par_1_11' title="bbox 155 1477 1476 1597">
     <span class='ocr_line' id='line_1_23' title="bbox 212 1477 1476 1534; baseline 0.001 -15"><span class='ocrx_word' id='word_1_112' title='bbox 212 1480 439 1530; x_wconf 83' lang='grc' dir='ltr'><em>μελοποιΐα</em></span> <span class='ocrx_word' id='word_1_113' title='bbox 463 1477 515 1520; x_wconf 84' lang='grc' dir='ltr'><em>δέ</em></span> <span class='ocrx_word' id='word_1_114' title='bbox 536 1477 626 1520; x_wconf 82' lang='grc' dir='ltr'><em>ἐστι</em></span> <span class='ocrx_word' id='word_1_115' title='bbox 653 1485 802 1534; x_wconf 84' lang='grc' dir='ltr'><em>χρῆσις</em></span> <span class='ocrx_word' id='word_1_116' title='bbox 833 1485 920 1521; x_wconf 83' lang='grc' dir='ltr'><em>τῶν</em></span> <span class='ocrx_word' id='word_1_117' title='bbox 950 1478 1246 1533; x_wconf 83' lang='grc' dir='ltr'><em>ὑποκειμένων</em></span> <span class='ocrx_word' id='word_1_118' title='bbox 1267 1485 1318 1534; x_wconf 76' lang='grc' dir='ltr'><em>τῇ</em></span> <span class='ocrx_word' id='word_1_119' title='bbox 1346 1478 1476 1534; x_wconf 82' lang='grc' dir='ltr'><em>ἁρμο-</em></span> 
     </span>
     <span class='ocr_line' id='line_1_24' title="bbox 155 1541 1430 1597; baseline 0.001 -14"><span class='ocrx_word' id='word_1_120' title='bbox 155 1548 253 1597; x_wconf 77' lang='grc' dir='ltr'><em>νικῇ</em></span> <span class='ocrx_word' id='word_1_121' title='bbox 277 1543 546 1597; x_wconf 79' lang='grc' dir='ltr'><em>πραγματείᾳ</em></span> <span class='ocrx_word' id='word_1_122' title='bbox 569 1541 679 1597; x_wconf 86' lang='grc' dir='ltr'><em>πρὸς</em></span> <span class='ocrx_word' id='word_1_123' title='bbox 703 1541 751 1584; x_wconf 85' lang='grc' dir='ltr'><em>τὸ</em></span> <span class='ocrx_word' id='word_1_124' title='bbox 778 1544 941 1584; x_wconf 84' lang='grc' dir='ltr'><em>οἰκεῖον</em></span> <span class='ocrx_word' id='word_1_125' title='bbox 966 1541 1145 1596; x_wconf 87' lang='grc' dir='ltr'><em>ἑκάστης</em></span> <span class='ocrx_word' id='word_1_126' title='bbox 1169 1542 1430 1592; x_wconf 82' lang='grc' dir='ltr'><em>ὑποθέσεως.</em></span> 
     </span>
    </p>

    <p class='ocr_par' dir='ltr' id='par_1_12' title="bbox 151 1604 1494 2231">
     <span class='ocr_line' id='line_1_25' title="bbox 211 1604 1476 1661; baseline 0.002 -14"><span class='ocrx_word' id='word_1_127' title='bbox 211 1606 250 1648; x_wconf 84' lang='grc'><em>2.</em></span> <span class='ocrx_word' id='word_1_128' title='bbox 297 1608 439 1648; x_wconf 88' lang='grc' dir='ltr'><em>Ταῦτα</em></span> <span class='ocrx_word' id='word_1_129' title='bbox 470 1604 518 1648; x_wconf 78' lang='grc' dir='ltr'><em>δὲ</em></span> <span class='ocrx_word' id='word_1_130' title='bbox 548 1611 778 1661; x_wconf 82' lang='grc' dir='ltr'><em>θεωρεῖται</em></span> <span class='ocrx_word' id='word_1_131' title='bbox 809 1606 856 1648; x_wconf 79' lang='grc' dir='ltr'><em>ἐν</em></span> <span class='ocrx_word' id='word_1_132' title='bbox 888 1613 1058 1661; x_wconf 83' lang='grc' dir='ltr'><em>φωνῆς</em></span> <span class='ocrx_word' id='word_1_133' title='bbox 1081 1608 1297 1661; x_wconf 77' lang='grc' dir='ltr'><em>ποιότητι,</em></span> <span class='ocrx_word' id='word_1_134' title='bbox 1327 1604 1378 1661; x_wconf 81' lang='grc' dir='ltr'><em>ἧς</em></span> <span class='ocrx_word' id='word_1_135' title='bbox 1403 1622 1476 1649; x_wconf 87' lang='grc' dir='ltr'><em>κι-</em></span> 
     </span>
     <span class='ocr_line' id='line_1_26' title="bbox 153 1669 1477 1726; baseline 0.001 -15"><span class='ocrx_word' id='word_1_136' title='bbox 153 1672 329 1724; x_wconf 90' lang='grc' dir='ltr'><em>νήσεις</em></span> <span class='ocrx_word' id='word_1_137' title='bbox 359 1669 442 1712; x_wconf 83' lang='grc' dir='ltr'><em>εἰσὶ</em></span> <span class='ocrx_word' id='word_1_138' title='bbox 473 1670 573 1725; x_wconf 78' lang='grc' dir='ltr'><em>δύο,</em></span> <span class='ocrx_word' id='word_1_139' title='bbox 603 1670 629 1724; x_wconf 83' lang='grc' dir='ltr'>ἡ</span> <span class='ocrx_word' id='word_1_140' title='bbox 660 1669 739 1723; x_wconf 76' lang='grc' dir='ltr'><em>μὲν</em></span> <span class='ocrx_word' id='word_1_141' title='bbox 770 1673 952 1726; x_wconf 82' lang='grc' dir='ltr'><em>συνεχής</em></span> <span class='ocrx_word' id='word_1_142' title='bbox 982 1686 1027 1713; x_wconf 88' lang='grc' dir='ltr'><em>τε</em></span> <span class='ocrx_word' id='word_1_143' title='bbox 1052 1670 1123 1712; x_wconf 87' lang='grc' dir='ltr'><em>καὶ</em></span> <span class='ocrx_word' id='word_1_144' title='bbox 1149 1672 1297 1725; x_wconf 79' lang='grc' dir='ltr'><em>λογικὴ</em></span> <span class='ocrx_word' id='word_1_145' title='bbox 1322 1674 1477 1712; x_wconf 82' lang='grc' dir='ltr'><em>καλου-</em></span> 
     </span>
     <span class='ocr_line' id='line_1_27' title="bbox 153 1731 1478 1791; baseline 0.001 -15"><span class='ocrx_word' id='word_1_146' title='bbox 153 1734 279 1789; x_wconf 88' lang='grc' dir='ltr'><em>μένη,</em></span> <span class='ocrx_word' id='word_1_147' title='bbox 310 1734 336 1789; x_wconf 82' lang='grc' dir='ltr'><strong><em>ἡ</em></strong></span> <span class='ocrx_word' id='word_1_148' title='bbox 369 1733 416 1776; x_wconf 76' lang='grc' dir='ltr'><em>δὲ</em></span> <span class='ocrx_word' id='word_1_149' title='bbox 447 1736 758 1790; x_wconf 81' lang='grc' dir='ltr'><em>διαστηματική</em></span> <span class='ocrx_word' id='word_1_150' title='bbox 789 1750 834 1777; x_wconf 90' lang='grc' dir='ltr'><em>τε</em></span> <span class='ocrx_word' id='word_1_151' title='bbox 865 1734 936 1776; x_wconf 84' lang='grc' dir='ltr'><em>καὶ</em></span> <span class='ocrx_word' id='word_1_152' title='bbox 967 1735 1192 1791; x_wconf 77' lang='grc' dir='ltr'><em>μελῳδική.</em></span> <span class='ocrx_word' id='word_1_153' title='bbox 1240 1736 1266 1790; x_wconf 87' lang='grc' dir='ltr'><em>ἡ</em></span> <span class='ocrx_word' id='word_1_154' title='bbox 1290 1735 1371 1790; x_wconf 83' lang='grc' dir='ltr'><em>μὲν</em></span> <span class='ocrx_word' id='word_1_155' title='bbox 1395 1731 1478 1777; x_wconf 90' lang='grc' dir='ltr'><em>οὖν</em></span> 
     </span>
     <span class='ocr_line' id='line_1_28' title="bbox 154 1797 1494 1854; baseline 0.001 -14"><span class='ocrx_word' id='word_1_156' title='bbox 154 1799 336 1854; x_wconf 85' lang='grc' dir='ltr'><em>συνεχὴς</em></span> <span class='ocrx_word' id='word_1_157' title='bbox 373 1800 539 1853; x_wconf 82' lang='grc' dir='ltr'><em>κίνησις</em></span> <span class='ocrx_word' id='word_1_158' title='bbox 575 1805 650 1854; x_wconf 86' lang='grc' dir='ltr'><em>τῆς</em></span> <span class='ocrx_word' id='word_1_159' title='bbox 686 1803 835 1854; x_wconf 85' lang='grc' dir='ltr'><em>φωνῆς</em></span> <span class='ocrx_word' id='word_1_160' title='bbox 870 1800 943 1849; x_wconf 89' lang='grc' dir='ltr'><em>τάς</em></span> <span class='ocrx_word' id='word_1_161' title='bbox 979 1814 1024 1841; x_wconf 89' lang='grc' dir='ltr'><em>τε</em></span> <span class='ocrx_word' id='word_1_162' title='bbox 1060 1797 1273 1849; x_wconf 80' lang='grc' dir='ltr'><em>ἐπιτάσεις</em></span> <span class='ocrx_word' id='word_1_163' title='bbox 1303 1799 1373 1841; x_wconf 81' lang='grc' dir='ltr'><em>καὶ</em></span> <span class='ocrx_word' id='word_1_164' title='bbox 1403 1799 1494 1849; x_wconf 65' lang='grc' dir='ltr'><em>τὰς’</em></span> 
     </span>
     <span class='ocr_line' id='line_1_29' title="bbox 153 1862 1476 1918; baseline 0.001 -14"><span class='ocrx_word' id='word_1_165' title='bbox 153 1862 320 1912; x_wconf 85' lang='grc' dir='ltr'><em>ἀνέσεις</em></span> <span class='ocrx_word' id='word_1_166' title='bbox 362 1862 539 1917; x_wconf 83' lang='grc' dir='ltr'><em>ἀφανῶς</em></span> <span class='ocrx_word' id='word_1_167' title='bbox 580 1869 765 1904; x_wconf 85' lang='grc' dir='ltr'><em>ποιεῖται</em></span> <span class='ocrx_word' id='word_1_168' title='bbox 806 1864 1007 1917; x_wconf 80' lang='grc' dir='ltr'><em>μηδαμοῦ</em></span> <span class='ocrx_word' id='word_1_169' title='bbox 1052 1862 1254 1917; x_wconf 71' lang='grc' dir='ltr'><em>ἱσταμένη</em></span> <span class='ocrx_word' id='word_1_170' title='bbox 1291 1862 1318 1917; x_wconf 79' lang='grc' dir='ltr'>ἢ</span> <span class='ocrx_word' id='word_1_171' title='bbox 1354 1862 1476 1918; x_wconf 85' lang='grc' dir='ltr'><em>μέχρι</em></span> 
     </span>
     <span class='ocr_line' id='line_1_30' title="bbox 152 1999 1477 2046; baseline 0 -11"><span class='ocrx_word' id='word_1_172' title='bbox 152 2000 233 2035; x_wconf 79' lang='lat' dir='ltr'>Vat.</span> <span class='ocrx_word' id='word_1_173' title='bbox 249 2003 328 2043; x_wconf 91' lang='grc'><em>221,</em></span> <span class='ocrx_word' id='word_1_174' title='bbox 348 2000 526 2043; x_wconf 79' lang='lat' dir='ltr'>Riccard.‚</span> <span class='ocrx_word' id='word_1_175' title='bbox 546 2000 681 2036; x_wconf 88' lang='lat' dir='ltr'>Bonon.</span> <span class='ocrx_word' id='word_1_176' title='bbox 697 2003 812 2046; x_wconf 85' lang='lat'>2432).</span> <span class='ocrx_word' id='word_1_177' title='bbox 860 1999 1063 2036; x_wconf 74' lang='grc' dir='ltr'><em>Εὐκλείδου</em></span> <span class='ocrx_word' id='word_1_178' title='bbox 1082 2001 1124 2036; x_wconf 75' lang='grc' dir='ltr'><em>εἰ.</em></span> <span class='ocrx_word' id='word_1_179' title='bbox 1138 2000 1195 2044; x_wconf 77' lang='grc' dir='ltr'><em>ἀρ.</em></span> <span class='ocrx_word' id='word_1_180' title='bbox 1210 2001 1265 2035; x_wconf 63' lang='grc' dir='ltr'><em>Μ*</em></span> <span class='ocrx_word' id='word_1_181' title='bbox 1283 2001 1322 2036; x_wconf 88' lang='lat' dir='ltr'><em>in</em></span> <span class='ocrx_word' id='word_1_182' title='bbox 1340 2012 1410 2036; x_wconf 72' lang='lat' dir='ltr'><em>rae.</em></span> <span class='ocrx_word' id='word_1_183' title='bbox 1429 2000 1477 2035; x_wconf 87' lang='lat' dir='ltr'>W</span> 
     </span>
     <span class='ocr_line' id='line_1_31' title="bbox 151 2047 1474 2092; baseline 0.001 -10"><span class='ocrx_word' id='word_1_184' title='bbox 151 2059 199 2082; x_wconf 88' lang='lat' dir='ltr'><em>m.</em></span> <span class='ocrx_word' id='word_1_185' title='bbox 220 2051 251 2083; x_wconf 97' lang='grc'><em>2.</em></span> <span class='ocrx_word' id='word_1_186' title='bbox 279 2047 375 2092; x_wconf 77' lang='lat' dir='ltr'>Lips.</span> <span class='ocrx_word' id='word_1_187' title='bbox 397 2051 440 2081; x_wconf 90' lang='grc'><em>25</em></span> <span class='ocrx_word' id='word_1_188' title='bbox 465 2048 588 2092; x_wconf 72' lang='lat' dir='ltr'>(Marc.</span> <span class='ocrx_word' id='word_1_189' title='bbox 604 2051 681 2082; x_wconf 84' lang='grc'><em>322.</em></span> <span class='ocrx_word' id='word_1_190' title='bbox 709 2047 796 2083; x_wconf 87' lang='lat' dir='ltr'>Bon.</span> <span class='ocrx_word' id='word_1_191' title='bbox 818 2050 919 2082; x_wconf 86' lang='grc'><em>2048.</em></span> <span class='ocrx_word' id='word_1_192' title='bbox 947 2047 1027 2082; x_wconf 60' lang='lat' dir='ltr'>Vas).</span> <span class='ocrx_word' id='word_1_193' title='bbox 1044 2051 1143 2083; x_wconf 79' lang='grc'><em>1341.</em></span> <span class='ocrx_word' id='word_1_194' title='bbox 1166 2051 1266 2083; x_wconf 82' lang='grc'><em>1346.</em></span> <span class='ocrx_word' id='word_1_195' title='bbox 1299 2047 1383 2083; x_wconf 82' lang='lat' dir='ltr'>Urb.</span> <span class='ocrx_word' id='word_1_196' title='bbox 1405 2051 1474 2083; x_wconf 76' lang='lat'><em>77⁸.</em></span> 
     </span>
     <span class='ocr_line' id='line_1_32' title="bbox 152 2093 1475 2139; baseline 0.002 -11"><span class='ocrx_word' id='word_1_197' title='bbox 152 2094 280 2139; x_wconf 78' lang='lat' dir='ltr'>Regin.</span> <span class='ocrx_word' id='word_1_198' title='bbox 302 2097 356 2128; x_wconf 85' lang='grc'><em>94.</em></span> <span class='ocrx_word' id='word_1_199' title='bbox 389 2093 484 2128; x_wconf 84' lang='lat' dir='ltr'>Mon.</span> <span class='ocrx_word' id='word_1_200' title='bbox 507 2097 582 2129; x_wconf 89' lang='grc'><em>104.</em></span> <span class='ocrx_word' id='word_1_201' title='bbox 609 2094 725 2129; x_wconf 81' lang='lat' dir='ltr'>Berol.</span> <span class='ocrx_word' id='word_1_202' title='bbox 745 2093 838 2128; x_wconf 78' lang='lat' dir='ltr'>Phil.</span> <span class='ocrx_word' id='word_1_203' title='bbox 860 2097 960 2129; x_wconf 76' lang='lat'>1652.</span> <span class='ocrx_word' id='word_1_204' title='bbox 1003 2093 1081 2129; x_wconf 69' lang='lat' dir='ltr'>Par.</span> <span class='ocrx_word' id='word_1_205' title='bbox 1102 2097 1204 2129; x_wconf 80' lang='lat'>2466.</span> <span class='ocrx_word' id='word_1_206' title='bbox 1231 2097 1332 2128; x_wconf 70' lang='lat'>2457.</span> <span class='ocrx_word' id='word_1_207' title='bbox 1358 2097 1475 2130; x_wconf 48' lang='lat'>246⁰&amp;</span> 
     </span>
     <span class='ocr_line' id='line_1_33' title="bbox 153 2139 1477 2185; baseline 0.001 -11"><span class='ocrx_word' id='word_1_208' title='bbox 153 2140 270 2184; x_wconf 84' lang='lat' dir='ltr'>suppl.</span> <span class='ocrx_word' id='word_1_209' title='bbox 296 2143 374 2174; x_wconf 82' lang='lat'>449.</span> <span class='ocrx_word' id='word_1_210' title='bbox 423 2139 543 2175; x_wconf 83' lang='lat' dir='ltr'>Escor.</span> <span class='ocrx_word' id='word_1_211' title='bbox 574 2143 603 2176; x_wconf 90' lang='grc' dir='ltr'><strong><em>Φ</em></strong></span> <span class='ocrx_word' id='word_1_212' title='bbox 628 2144 661 2184; x_wconf 88' lang='grc'><em>2,</em></span> <span class='ocrx_word' id='word_1_213' title='bbox 681 2145 712 2176; x_wconf 88' lang='grc'><em>5.</em></span> <span class='ocrx_word' id='word_1_214' title='bbox 743 2140 776 2175; x_wconf 89' lang='grc' dir='ltr'>Χ</span> <span class='ocrx_word' id='word_1_215' title='bbox 803 2144 833 2184; x_wconf 83' lang='grc'><em>1,</em></span> <span class='ocrx_word' id='word_1_216' title='bbox 861 2144 914 2175; x_wconf 84' lang='grc'><em>12.</em></span> <span class='ocrx_word' id='word_1_217' title='bbox 940 2161 984 2166; x_wconf 94' lang='grc'><strong>-</strong></span> <span class='ocrx_word' id='word_1_218' title='bbox 1010 2140 1168 2185; x_wconf 81' lang='lat' dir='ltr'>Baroec).</span> <span class='ocrx_word' id='word_1_219' title='bbox 1212 2139 1278 2175; x_wconf 84' lang='grc' dir='ltr'><em>Ἐκ</em></span> <span class='ocrx_word' id='word_1_220' title='bbox 1308 2146 1381 2176; x_wconf 80' lang='grc' dir='ltr'><em>τῶν</em></span> <span class='ocrx_word' id='word_1_221' title='bbox 1411 2145 1477 2176; x_wconf 75' lang='grc' dir='ltr'><em>τοῦ</em></span> 
     </span>
     <span class='ocr_line' id='line_1_34' title="bbox 153 2186 1475 2231; baseline 0.001 -10"><span class='ocrx_word' id='word_1_222' title='bbox 153 2186 317 2222; x_wconf 82' lang='grc' dir='ltr'><em>Πάππου</em></span> <span class='ocrx_word' id='word_1_223' title='bbox 340 2187 369 2221; x_wconf 94' lang='grc' dir='ltr'>Β</span> <span class='ocrx_word' id='word_1_224' title='bbox 395 2186 471 2230; x_wconf 87' lang='lat' dir='ltr'>(fol.</span> <span class='ocrx_word' id='word_1_225' title='bbox 494 2189 576 2230; x_wconf 90' lang='grc'>300)</span> <span class='ocrx_word' id='word_1_226' title='bbox 607 2198 690 2221; x_wconf 84' lang='lat' dir='ltr'><em>cum</em></span> <span class='ocrx_word' id='word_1_227' title='bbox 718 2186 751 2220; x_wconf 90' lang='lat' dir='ltr'>N</span> <span class='ocrx_word' id='word_1_228' title='bbox 770 2186 832 2222; x_wconf 88' lang='lat' dir='ltr'>fol.</span> <span class='ocrx_word' id='word_1_229' title='bbox 854 2190 906 2221; x_wconf 82' lang='lat'><em>16.</em></span> <span class='ocrx_word' id='word_1_230' title='bbox 933 2187 1012 2222; x_wconf 70' lang='lat' dir='ltr'>Par.</span> <span class='ocrx_word' id='word_1_231' title='bbox 1039 2186 1199 2221; x_wconf 78' lang='lat' dir='ltr'>Crameri</span> <span class='ocrx_word' id='word_1_232' title='bbox 1231 2189 1321 2220; x_wconf 83' lang='grc'><em>2460</em></span> <span class='ocrx_word' id='word_1_233' title='bbox 1346 2187 1386 2231; x_wconf 82' lang='lat' dir='ltr'><em>(f.</em></span> <span class='ocrx_word' id='word_1_234' title='bbox 1405 2189 1475 2231; x_wconf 77' lang='lat'>52).</span> 
     </span>
    </p>
   </div>
   <div class='ocr_carea' id='block_1_6' title="bbox 151 2231 1494 2316">
    <p class='ocr_par' dir='ltr' id='par_1_13' title="bbox 151 2231 1494 2316">
     <span class='ocr_line' id='line_1_35' title="bbox 151 2231 1494 2279; baseline 0 -12"><span class='ocrx_word' id='word_1_235' title='bbox 151 2233 233 2267; x_wconf 64' lang='lat' dir='ltr'><em>Vass.</em></span> <span class='ocrx_word' id='word_1_236' title='bbox 255 2236 333 2268; x_wconf 87' lang='lat'>221.</span> <span class='ocrx_word' id='word_1_237' title='bbox 354 2236 431 2267; x_wconf 78' lang='lat'><em>671.</em></span> <span class='ocrx_word' id='word_1_238' title='bbox 460 2232 544 2267; x_wconf 86' lang='lat' dir='ltr'>Urb.</span> <span class='ocrx_word' id='word_1_239' title='bbox 560 2233 632 2267; x_wconf 67' lang='lat'><em>77⁵.</em></span> <span class='ocrx_word' id='word_1_240' title='bbox 686 2232 850 2279; x_wconf 79' lang='grc' dir='ltr'><em>Ζωσίμου</em></span> <span class='ocrx_word' id='word_1_241' title='bbox 875 2233 1095 2268; x_wconf 77' lang='lat' dir='ltr'>Matritensis</span> <span class='ocrx_word' id='word_1_242' title='bbox 1118 2232 1163 2268; x_wconf 87' lang='lat' dir='ltr'><em>N.</em></span> <span class='ocrx_word' id='word_1_243' title='bbox 1183 2237 1238 2268; x_wconf 89' lang='grc'><em>48.</em></span> <span class='ocrx_word' id='word_1_244' title='bbox 1276 2231 1494 2278; x_wconf 70' lang='grc' dir='ltr'><em>Ἀνωνύμου,</em></span> 
     </span>
     <span class='ocr_line' id='line_1_36' title="bbox 152 2279 672 2316; baseline -0.002 -2"><span class='ocrx_word' id='word_1_245' title='bbox 152 2280 229 2315; x_wconf 84' lang='lat' dir='ltr'>eod.</span> <span class='ocrx_word' id='word_1_246' title='bbox 251 2279 353 2316; x_wconf 75' lang='lat' dir='ltr'>Vulc.</span> <span class='ocrx_word' id='word_1_247' title='bbox 392 2290 519 2315; x_wconf 79' lang='lat' dir='ltr'><strong>rasura</strong></span> <span class='ocrx_word' id='word_1_248' title='bbox 544 2279 582 2314; x_wconf 89' lang='lat' dir='ltr'><em>in</em></span> <span class='ocrx_word' id='word_1_249' title='bbox 609 2279 672 2314; x_wconf 77' lang='lat' dir='ltr'><em>M1.</em></span> 
     </span>
    </p>
   </div>
  </div>
 </body>
</html>
