1494 2450
521 30 865 66 PHAENOMENA
1316 27 1372 69 99

28 135 29 139 Ἰ
49 159 166 187 rcum
187 142 305 191 ΞΘΟ
329 144 552 198 percurrit,
576 144 747 195 tempus
774 141 850 196 est,
878 154 963 194 quo
985 141 1069 181 ΛΘ
1094 140 1374 193 conspicuum

56 208 382 264 emisphaerium
403 209 638 262 permutat3
658 208 827 260 tempus
841 208 996 259 autem,
1016 219 1101 259 quo
1116 206 1167 245 H
1175 217 1375 246 exorsum

63 274 114 324 ’Ξ
134 288 278 317 arcum
304 273 441 322 ΞΗΟ
466 271 688 328 percurrit,
715 271 910 313 adsumto
936 272 1142 324 tempore,
1168 283 1253 324 quo
1281 270 1383 310 KH

53 340 189 394 ccidit,
210 342 380 395 tempus
399 341 477 395 est,
496 352 581 394 quo
603 340 699 380 KH
712 337 991 392 conspicuum
1011 334 1373 390 hemisphaerium

23 400 245 463 Permutat.
295 406 441 460 itaque
467 407 556 446 ΛΘ
586 407 628 445 et
661 405 763 445 KH
787 402 954 457 aequali
986 404 1180 456 tempore
1213 400 1377 454 conspi-

50 487 149 515 uum
174 470 534 526 hemisphaerium
554 471 818 524 'permutant
851 469 980 523 atque
1008 469 1096 509 ΘΝ
1117 466 1292 508 eandem
1321 466 1375 507 ob

72 552 192 581 usam
218 539 260 579 et
280 539 384 579 HM
402 535 573 591 aequali
599 537 792 591 tempore
814 534 1090 589 conspicuum
1112 531 1377 586 hemisphae-

23 605 134 647 -rium
170 604 426 658 permutant.
476 616 623 643 verum
662 601 822 642 maiore
859 603 1051 654 tempore
1085 601 1174 641 ΛΘ
1211 598 1377 653 conspi-

22 683 151 711 cuum
175 667 537 723 hemisphaerium
566 668 781 721 permutat
801 680 928 721 quam
953 666 1044 707 ΘΝ
1066 662 1184 721 (nam
1205 664 1377 705 demon-

28 737 203 778 stratum
230 736 294 776 est
318 737 363 775 in
389 736 530 788 priore
556 731 866 787 propositionis
893 729 1045 786 parte).
1089 744 1191 786 ergo
1219 729 1378 771 maiore

22 792 214 855 ¹tempore
228 801 324 841 KH
337 798 613 854 conspicuum
633 796 996 852 hemisphaerium
1018 797 1235 850 permutat
1250 809 1378 850 quam

32 867 139 909 HM
187 867 230 908 et
266 864 394 907 simul
433 863 772 906 demonstratum
813 865 889 917 est,
926 875 998 904 eos
1037 875 1174 917 arcus,
1212 861 1286 916 qui
1323 861 1377 902 ab

20 930 188 976 mtrovis
208 932 408 972 contactu
427 929 664 985 aequaliter
683 929 855 983 distent,
881 927 1049 982 aequali
1068 929 1260 982 tempore
1282 940 1377 968 con-

30 995 216 1053 spicuum
242 996 605 1050 hemisphaerium
633 996 889 1050 permutare.

31 1143 235 1192 postquam
260 1155 394 1181 arcum
414 1139 491 1183 ΞΝ
514 1143 722 1191 percurrit,
749 1141 799 1179 ad
827 1142 872 1179 N
891 1142 1084 1191 pervenit.
1116 1142 1253 1190 itaque
1278 1142 1378 1178 tem-

31 1213 111 1252 pus,
136 1214 214 1252 quo
235 1203 290 1240 M
312 1214 491 1240 exorsum
518 1214 541 1239 a
566 1203 631 1252 M,
655 1202 870 1251 postquam
896 1213 1031 1239 arcum
1050 1202 1148 1238 MN
1171 1201 1379 1250 percurrit,

18 1259 78 1300 ad
102 1262 147 1299 N
171 1263 370 1311 pervenit,
402 1261 567 1311 aequale
600 1263 660 1299 est
690 1262 877 1310 tempori,
911 1273 988 1310 quo
1020 1261 1052 1298 Ο
1078 1272 1259 1299 exorsum
1285 1272 1308 1298 a
1334 1256 1378 1309 Ξ,

30 1321 235 1371 postquam
261 1333 395 1359 arcum
420 1318 489 1362 ΞΟ
514 1322 720 1370 percurrit,
747 1320 797 1358 ad
827 1321 860 1358 O
884 1321 1076 1370 pervenit.
1117 1333 1254 1359 verum
1280 1322 1378 1357 tem·

17 1387 113 1430 pus,
138 1393 216 1430 quo
242 1382 297 1418 M
318 1392 499 1419 exorsum
526 1392 549 1418 a
569 1382 632 1431 M,
658 1382 871 1430 postquam
898 1392 1032 1418 areum
1053 1381 1150 1417 MN
1172 1380 1379 1429 percurrit,

31 1438 79 1478 ul
108 1441 149 1478 N
184 1441 380 1490 pervenit,
420 1441 576 1489 tempus
614 1442 691 1489 est,
730 1452 809 1489 quo
843 1451 955 1478 arcus
988 1441 1087 1477 AM
1121 1440 1378 1488 conspicuum

32 1497 360 1549 hemisphaerium
384 1500 599 1549 permutat,
622 1502 780 1549 tempus
807 1502 953 1548 autem,
980 1511 1058 1548 quo
1089 1500 1122 1536 O
1147 1510 1327 1536 exorsum
1356 1511 1379 1535 a

31 1553 77 1613 Ξ,
106 1560 316 1609 postquam
342 1571 476 1597 arcum
503 1555 540 1600 Ξ
546 1560 578 1597 Ο
602 1560 817 1608 percurrit,
849 1558 900 1597 ad
930 1560 963 1596 O
987 1559 1188 1608 pervenit,
1223 1561 1380 1608 tempus

32 1619 99 1668 est,
124 1630 201 1668 quo
231 1618 321 1669 ΟΘ,
351 1618 425 1657 hoc
451 1620 511 1656 est
534 1620 628 1657 KH
648 1620 904 1668 conspicuum
930 1618 1266 1667 hemisphaerium
1293 1630 1380 1667 per-

14 1679 166 1716 innatat.
197 1679 332 1728 itaque
358 1691 437 1728 quo
463 1679 640 1728 tempore
661 1680 754 1716 AM
769 1679 1024 1728 conspicuum
1045 1678 1379 1727 hemisphaerium

14 1738 243 1793 permutat,
276 1750 321 1776 eo
348 1739 469 1776 etiam
495 1739 591 1776 KH.
644 1740 684 1776 et
709 1739 897 1787 quoniam
923 1739 1072 1776 maiore
1099 1738 1276 1786 tempore
1303 1739 1381 1774 HA

14 1813 15 1817 ¹
32 1797 283 1846 conspicuum
301 1797 633 1847 hemisphaerium
653 1799 857 1847 permutat
877 1810 998 1846 quam
1018 1798 1119 1847 AM,
1146 1809 1282 1835 verum
1302 1808 1380 1846 quo

13 1855 202 1906 tempore
222 1858 300 1894 HA
325 1858 579 1906 conspicuum
599 1857 932 1907 hemisphaerium
952 1858 1166 1906 permutat,
1193 1868 1238 1894 eo
1260 1857 1382 1894 etiam

32 1911 121 1972 ῌΚ,
153 1917 192 1953 et
217 1929 294 1966 quo
319 1918 422 1966 AM,
454 1929 499 1955 eo
527 1917 648 1954 etiam
673 1918 767 1966 KH,
794 1918 873 1954 HK
905 1917 1054 1954 maiore
1085 1918 1262 1965 tempore
1289 1928 1380 1954 con·

33 1975 209 2031 Spicuum
234 1976 572 2026 hemisphaerium
597 1978 803 2025 permutat
828 1988 948 2026 quam
974 1977 1070 2014 KH.

34 2076 64 2112 Τ.
87 2074 348 2124 ἡμισφαίριον]
375 2077 517 2113 addidi.
571 2078 671 2124 ΘΝ]
699 2080 764 2114 ΘΛ
791 2088 825 2113 a.
949 2081 981 2113 8.
1009 2077 1117 2124 ΗΜ]
1143 2078 1278 2112 ΜΘΝ
1299 2086 1334 2112 a.

33 2125 64 2159 9.
89 2124 178 2170 ΔΘ]
202 2127 275 2160 ΛΕ
301 2134 334 2160 a.
411 2129 466 2162 10.
492 2123 676 2172 φανερόν]
703 2136 792 2161 corr.
820 2137 864 2161 ex
890 2123 1056 2170 φανερόν
1081 2137 1130 2159 m.
1157 2129 1178 2160 2
1204 2124 1228 2159 l.

90 2212 125 2248 b.
152 2216 206 2249 10.
232 2213 319 2249 Post
345 2215 420 2249 ΟΘ
445 2214 530 2249 add.
556 2214 775 2259 περιφέρεια
801 2227 848 2250 m.
875 2225 946 2250 rec.
972 2214 1055 2249 Vat.
1156 2217 1210 2249 12.
1238 2214 1334 2258 KH]
1362 2223 1381 2247 e

34 2266 121 2305 φιτ.
147 2259 230 2296 Vat.
317 2266 371 2296 15.
399 2262 488 2297 Post
505 2264 584 2297 HK
608 2262 680 2297 del.
707 2261 917 2305 ἐξαλλάσσει
943 2262 985 2298 τὸ
1011 2261 1179 2307 φανερὸν
1204 2259 1382 2307 ἡμισφαί-

34 2317 114 2350 ριον
137 2307 219 2343 vat.
259 2309 341 2352 Seq.
367 2309 565 2344 demonstr.
586 2309 716 2353 altera,
742 2322 773 2345 v.
795 2321 881 2355 app.

1118 2369 1166 2402 7*
