1494 2450
94 735 136 767 10

92 1056 135 1088 15

92 1377 135 1408 20

90 1697 133 1728 25

167 37 248 79 188
554 41 808 75 ΕΙΣΑΓΩΓΗ
829 42 1095 76 ΑΡΜΟΝΙΚΗ
1450 0 1484 42 5?

164 151 339 199 σιωπῆς.
371 146 396 200 ἡ
423 143 472 188 δὲ
498 147 806 201 διαστηματικὴ
831 149 1000 201 κίνησις
1024 154 1098 202 τῆς
1117 155 1264 204 φωνῆς
1283 143 1481 207 ἐναντίως

163 217 345 252 κινεῖται
370 217 421 265 τῇ
447 218 634 265 συνεχεῖ·
666 211 802 265 μονάς
826 226 871 253 τε
896 212 978 267 γὰρ
1003 221 1121 254 ποιεῖ
1142 212 1213 255 καὶ
1238 215 1312 263 τὰς
1329 213 1480 268 μεταξὺ

162 274 330 315 τούτων
367 275 630 328 διαστάσεις,
668 274 847 325 ἐναλλὰξ
885 275 1030 317 αὐτῶν
1066 275 1270 332 ἑκάτερον
1304 273 1479 324 τιθεῖσα.

163 338 239 387 τὰς
262 338 343 391 μὲν
368 335 450 380 οὖν
474 339 611 393 μονὰς
636 339 778 388 τάσεις
802 342 1032 394 καλοῦμεν,
1062 342 1138 390 τὰς
1163 339 1210 383 δὲ
1234 334 1480 397 μεταβάσεις

163 402 239 450 τὰς
264 401 347 444 ἀπὸ
373 403 540 444 τάσεων
566 401 634 444 ἐπὶ
659 403 801 453 τάσεις
827 403 1101 458 διαστήματα.
1132 406 1184 447 τὰ
1208 403 1256 447 δὲ
1276 400 1480 451 ποιοῦντα

162 466 242 519 τὴν
283 473 372 507 τῶν
408 466 574 507 τάσεων
612 466 831 521 διαφορὰν
868 467 1058 518 ἑπίτασίς
1094 468 1184 511 ἐστι
1220 468 1292 511 καὶ
1327 469 1480 527 ἄνεσις,

163 529 430 584 ἀποτέλεσμα
455 528 502 572 δὲ
527 531 696 572 τούτων
722 530 874 586 ὀξύτης
898 533 970 574 καὶ
994 533 1196 587 βαρύτης.
1226 535 1275 576 τὸ
1300 534 1379 588 μὲν
1403 536 1479 590 γὰρ

162 592 220 635 δι’
251 593 482 644 ἐπιτάσεως
519 597 752 648 γινόμενον
788 596 850 645 εἰς
886 595 1068 651 ὀξύτητα
1103 598 1217 652 ἄγει,
1253 599 1301 640 τὸ
1339 598 1386 641 δὲ
1420 595 1476 642 δι’

162 657 347 708 ἀνέσεως
379 660 440 708 εἰς
470 660 699 714 βαρύτητα.
748 658 819 701 καὶ
851 659 1002 714 ὀξύτης
1026 659 1106 715 μὲν
1131 659 1212 704 οὖν
1236 661 1326 705 ἐστι
1350 664 1397 705 τὸ
1421 659 1475 706 δυ’

164 721 393 772 ἐπιτάσεως
430 725 662 778 γινόμενον
699 723 985 778 ἀποτέλεσμα,
1027 725 1218 780 βαρύτης
1254 726 1302 768 δὲ
1337 728 1384 770 τὸ
1421 726 1476 774 δι’

162 785 356 836 ἀνέσεως.
402 787 429 842 [.
457 821 465 829 .
492 821 499 828 .
526 820 535 828 .
562 787 728 842 ἀμφοῖν
763 788 846 842 γὰρ
884 788 1128 843 συμβέβηκε
1163 790 1211 831 τὸ
1249 789 1482 848 τετάσθαα]

160 854 398 894 καλοῦνται
434 849 482 893 δὲ
513 853 557 894 αἱ
589 852 732 901 τάσεις
762 852 834 894 καὶ
865 857 1078 908 φθόγγοι*
1120 854 1263 903 τάσεις
1291 854 1371 907 μὲν
1399 854 1480 899 ἀπὸ

160 922 247 956 τῶν
271 919 508 957 καθαπτῶν
534 915 734 969 ὀργάνων
757 917 873 971 παρὰ
897 917 945 959 τὸ
964 917 1184 971 τετάσθαι,
1210 919 1404 972 φθόγγοι
1422 918 1481 974 δέ,

162 979 252 1020 ἐπεὶ
283 979 368 1021 ὑπὸ
401 986 550 1035 φωνῆς
581 979 874 1033 ἐνεργοῦνται.
922 983 1119 1036 φθόγγοι
1150 981 1201 1024 δέ
1223 983 1306 1025 εἰσι
1330 989 1380 1039 τῇ
1404 980 1482 1037 μὲν

161 1043 280 1085 τάσει
317 1045 501 1100 ἄπειροι,
538 1051 589 1100 τῇ
627 1042 675 1086 δὲ
707 1044 889 1099 δυνάμει
919 1045 1021 1088 καθ’
1050 1046 1232 1089 ἕκαστον
1262 1047 1386 1101 γένος
1416 1049 1481 1091 δε-

162 1108 340 1150 καοκτώ.

221 1172 258 1213 3.
292 1171 420 1226 Γένη
446 1172 497 1215 δέ
515 1172 604 1215 ἐστι
623 1174 734 1228 τρία,
760 1174 977 1228 διάτονον,
997 1182 1156 1230 χρῶμα,
1177 1175 1370 1230 ἁρμονία.
1411 1174 1480 1220 καὶ

161 1238 413 1294 μελῳδεῖται
438 1239 486 1280 τὸ
511 1238 591 1291 μὲν
615 1239 821 1281 διάτονον
846 1238 914 1281 ἐπὶ
934 1238 1014 1293 μὲν
1031 1240 1079 1281 τὸ
1100 1241 1212 1293 βαρὺ
1230 1241 1336 1282 κατὰ
1354 1241 1481 1287 τόνονΙ

161 1300 231 1349 καὶ
264 1303 396 1344 τόνον
425 1301 496 1344 καὶ
527 1304 773 1356 ἡμιτόνιον,
805 1302 874 1345 ἐπὶ
900 1302 948 1345 δὲ
972 1304 1020 1345 τὸ
1047 1303 1122 1353 ὀξὺ
1148 1303 1353 1354 ἐναντίως
1377 1302 1481 1348 κατὰ

160 1366 384 1420 ἡμιτόνιον
409 1365 479 1408 καὶ
499 1368 636 1409 τόνον
661 1367 731 1408 καὶ
755 1368 902 1421 τόνον,
931 1369 979 1410 τὸ
1006 1365 1053 1409 δὲ
1078 1375 1227 1423 χρῶμα
1251 1367 1319 1410 ἐπὶ
1338 1368 1416 1422 μὲν
1432 1368 1480 1412 τᾶ

161 1431 273 1483 βαρὺ
310 1431 416 1472 κατὰ
452 1433 749 1486 τριημιτόνιον
785 1431 856 1472 καὶ
887 1432 1113 1486 ἡμιτόνιον
1142 1431 1213 1473 καὶ
1244 1432 1481 1488 ἡμιτόνιον,

161 1491 229 1535 ἐπὶ
264 1491 312 1535 δὲ
341 1494 390 1535 τὸ
423 1494 499 1544 ὀξὺ
534 1494 738 1544 ἐναντίως
768 1496 874 1537 κατὰ
904 1497 1128 1550 ἡμιτόνιον
1158 1495 1229 1538 καὶ
1259 1497 1481 1551 ἡμιτόνιον

159 1556 231 1598 καὶ
261 1560 578 1612 τριημιτόνιον,
617 1559 643 1613 ἡ
674 1559 722 1601 δὲ
754 1559 939 1614 ἁρμονία
969 1558 1039 1601 ἐπὶ
1062 1557 1143 1612 μὲν
1166 1561 1214 1601 τὸ
1239 1562 1352 1615 βαρὺ
1377 1558 1482 1603 κατὰ

161 1621 337 1664 δίτονον
368 1623 438 1664 καὶ
470 1624 611 1665 δίεσιν
641 1621 712 1665 καὶ
744 1624 896 1676 δίεσιν,
931 1622 998 1664 ἐπὶ
1031 1621 1079 1666 δὲ
1102 1624 1150 1666 τὸ
1176 1623 1252 1675 ὀξὺ
1277 1623 1483 1676 ἐναντίως

159 1687 266 1727 κατὰ
291 1687 430 1728 δίεσιν
455 1687 524 1729 καὶ
550 1688 691 1729 δίεσιν
715 1686 786 1729 καὶ
813 1688 999 1729 δίτονον.

217 1750 255 1791 4.
287 1751 390 1792 Εἰσὶ
416 1751 464 1793 δὲ
489 1752 532 1794 ol
555 1752 636 1806 μὲν
661 1750 709 1793 ἐν
733 1757 791 1808 τῷ
819 1752 1002 1808 διατόνῳ
1029 1753 1259 1806 φθόγγοι
1284 1753 1393 1795 οἵδε·

368 1817 809 1870 προσλαμβανόμενος

368 1879 508 1934 ὑπάτη
533 1879 710 1921 ὑπάτων

367 1944 597 1998 παρυπάτη
621 1943 799 1986 ὑπάτων

220 2050 252 2081 3.
278 2046 410 2089 ἐναλάξ
436 2046 492 2081 W.
517 2047 677 2094 τιθεῖσα]
704 2046 868 2083 τέθειται
892 2047 949 2082 W.
1058 2051 1089 2082 6.
1116 2047 1269 2089 ἐτίτασις
1294 2069 1338 2076 —-
1365 2053 1395 2084 7.
1415 2050 1492 2096 βα·-

160 2092 284 2139 ρύτης]
309 2092 472 2133 ἐπίτασις
502 2092 544 2129 δέ
573 2095 647 2129 ἐστι
676 2094 741 2129 καὶ
770 2093 893 2135 ἄνεσις
916 2092 956 2130 τὸ
982 2094 1206 2139 ἀποτέλεσμα
1235 2095 1374 2131 τούτων
1399 2093 1480 2137 ὀξύ·

158 2152 237 2182 τητι
262 2140 325 2175 καὶ
349 2140 544 2185 βαρύτητα,
642 2144 671 2175 7.
698 2140 784 2175 Post
806 2140 876 2185 γάρ
901 2140 985 2176 add.
1006 2140 1184 2185 διαφέρον
1210 2141 1267 2176 W.
1363 2146 1395 2176 9.
1417 2141 1480 2177 καὶ

160 2186 288 2230 ὀξύτης
306 2186 371 2230 μὲν
391 2184 474 2233 οὖν]
494 2186 622 2231 ὀξύτης
640 2186 683 2222 δέ
700 2186 756 2220 W.
831 2191 884 2222 10.
911 2185 962 2222 δι’
985 2187 1155 2233 ἀνέσεως]
1174 2185 1214 2223 τὸ
1234 2187 1402 2224 ἐναντίον
1420 2186 1481 2224 Ἧι

161 2237 214 2267 11.
250 2234 345 2267 Ante
376 2233 515 2278 ἀμφοῖν
546 2233 615 2278 γάρ
641 2233 725 2268 hab.
752 2233 807 2268 ὅτι
842 2233 944 2274 τάσις
976 2236 1136 2269 καλεῖται
1171 2234 1273 2278 παρὰ
1304 2232 1345 2270 τὸ
1378 2233 1480 2270 varai-¹»

160 2281 265 2314 σθαι·
303 2280 465 2315 καλεῖται
491 2280 530 2315 δὲ
555 2280 619 2315 καὶ
644 2279 824 2325 φθόγγος,
850 2280 927 2316 ἐπεὶ
952 2278 1023 2315 ’ὑπὸ
1050 2285 1174 2327 φωνῆς
1199 2281 1395 2327 ἐνεργεῖται
1420 2279 1492 2318 Ἧι·
