1494 2450
377 47 491 84 INTR
497 47 707 84 ODUCTIO
732 47 1022 84 HARMONICA
1287 48 1372 91 199

32 154 64 196 'f
86 158 206 200 dum
240 173 369 214 quam
395 157 479 200 alia
502 157 828 200 intervallorum
855 160 957 200 sunt
981 157 1155 212 maiora,
1187 157 1271 200 alia
1295 157 1372 200 mi-

29 240 136 279 ra,
172 224 293 266 velut
330 224 540 278 ditonum,
577 225 719 279 tonus,
757 222 1046 278 semitonium,
1090 223 1372 278 diatessaron,

27 289 232 346 'apente,
273 289 482 346 diapason
531 288 784 344 similiaque.
847 288 1088 331 differentia
1126 291 1271 331 autem
1309 304 1372 332 se-

25 373 27 397 ;
51 355 202 398 ndum
228 370 375 412 genus,
401 355 635 397 secundum
662 370 789 411 quam
816 354 900 396 alia
924 354 1251 397 intervallorum
1271 358 1373 397 sunt

30 422 243 475 'fatonica,
275 420 359 463 alia
397 420 673 477 chromatica,
703 421 787 462 alia
821 421 1081 463 enarmonia.
1132 420 1372 463 differentia

21 492 158 532 utem
185 486 374 542 consoni,
400 486 635 529 seeundum
661 501 790 542 quam
816 486 901 528 alia
918 486 1251 529 intervallorum
1271 490 1373 530 sunt

20 568 218 608 onsona,
244 552 328 594 alia
354 552 537 594 dissona.
588 567 778 595 consona
804 556 905 595 sunt
931 552 1068 609 igitur
1093 552 1372 608 diatessaron,

27 619 234 675 ·iapente,
271 618 478 674 diapason
516 617 768 674 similiaque.
820 618 994 660 dissona
1031 633 1132 660 vero
1172 621 1272 661 sunt
1311 633 1372 673 ea,

16 699 125 728 uae
157 685 325 727 minora
356 686 457 726 sunt
482 699 610 740 quam
638 683 912 741 diatessaron,
940 684 1085 726 omnia
1110 687 1152 727 et
1177 699 1237 739 ea,
1265 699 1372 739 quae

14 782 18 788 ,
46 754 130 793 ter
149 765 336 793 consona
355 753 467 804 sunt,
493 750 645 792 omnia.
679 753 721 792 et
740 751 908 792 minora
929 750 1104 805 quidem
1124 752 1225 793 sunt
1245 765 1372 805 quam

29 817 282 860 iatessaron
318 816 464 872 diesis,
503 816 796 870 semitonium,
834 818 976 868 tonus,
1015 816 1224 871 ditonum,
1262 816 1374 858 inter

20 880 206 927 consona
242 885 385 924 autem
422 882 651 936 tritonum,
688 884 971 936 tetratonum,
1005 884 1288 937 pentatonum
1321 882 1374 925 si·

12 949 231 1008 >miliaque
283 950 411 1003 atque
443 947 721 990 consonantia
753 950 818 990 est
842 948 1073 1003 permixtio
1100 948 1282 990 duorum
1309 962 1374 990 so-

10 1024 184 1070 morum,
209 1013 413 1057 acutioris
439 1016 482 1056 et
507 1013 729 1070 gravioris,
755 1013 1020 1056 dissonantia
1039 1028 1139 1056 vero
1162 1014 1374 1056 contrarie

10 1081 199 1126 ,uiuorum
227 1095 428 1123 sonorum
453 1080 558 1135 fuga.
577 1079 890 1135 permixtionis,
915 1080 977 1121 ita
995 1082 1045 1122 ut
1063 1094 1151 1122 non
1171 1079 1375 1122 miscean-

8 1151 89 1192 =tur
126 1150 255 1202 atque
295 1145 466 1188 auditus
511 1147 797 1201 exasperetur.
861 1145 1089 1200 compositi
1128 1147 1271 1188 autem
1310 1148 1375 1187 est

7 1212 271 1267 differentia,
304 1211 539 1254 secundum
566 1226 694 1267 quam
722 1211 806 1253 alia
831 1211 1158 1253 intervallorum
1186 1213 1287 1253 sunt
1311 1210 1374 1254 in-

0 1303 6 1333 1;
22 1278 283 1333 composita,
327 1277 412 1319 alia
455 1277 706 1332 composita.
770 1279 899 1332 atque
943 1277 1231 1332 incomposita
1275 1279 1376 1319 sunt

0 1336 254 1398 ssmtervassa,
293 1357 400 1398 quae
439 1343 555 1385 sonis
593 1343 793 1398 deinceps
832 1342 1066 1386 conlocatis
1102 1342 1376 1398 comprehen-

0 1409 192 1463 duntur,
228 1409 347 1452 velut
383 1408 542 1464 hypate
581 1411 624 1450 et
660 1409 918 1464 parhypate,
956 1408 1128 1452 lichano
1168 1411 1210 1451 et
1247 1423 1375 1451 mese.

0 1478 1 1506 Ἰ
23 1475 166 1535 eadem
192 1475 302 1517 ratio
329 1478 394 1517 est
419 1476 464 1517 in
489 1475 642 1517 ceteris
662 1489 832 1530 quoque
853 1474 1102 1518 intervallis
1136 1475 1377 1530 composita

8 1543 120 1596 ⁸ivero
147 1555 207 1596 ea,
234 1555 341 1596 quae
368 1541 484 1583 sonis
510 1555 597 1582 non
624 1541 823 1596 deinceps
845 1540 1079 1584 conlocatis
1101 1540 1377 1596 comprehen-

0 1605 191 1666 duntur,
227 1607 346 1649 velut
377 1620 491 1649 mese
523 1609 567 1648 et
598 1606 848 1662 parhypate,
886 1621 1002 1650 mese
1035 1609 1078 1649 et
1109 1608 1220 1661 nete,
1256 1621 1378 1662 para-

21 1678 136 1720 'mese
168 1675 210 1715 et
241 1671 411 1728 hypate.
462 1674 562 1714 sunt
588 1674 731 1714 autem
758 1673 1001 1715 communia
1029 1672 1237 1728 quaedam
1264 1685 1376 1714 com-

54 1738 154 1781 ositi
186 1741 229 1780 et
259 1738 535 1793 incompositi
566 1739 809 1793 intervalla,
842 1752 891 1780 ea
922 1738 1037 1792 dico,
1069 1753 1177 1793 quae
1204 1753 1228 1780 a
1254 1738 1378 1781 semi-

43 1805 141 1847 onio
167 1806 268 1846 sunt
293 1818 427 1859 usque
454 1804 507 1845 ad
533 1804 741 1846 ditonum.
775 1803 1050 1846 semitonium
1077 1804 1190 1846 enim
1217 1805 1263 1846 in
1281 1804 1377 1847 har-

66 1871 166 1913 onia
202 1872 268 1912 est
305 1869 605 1925 compositum,
642 1869 688 1910 in
725 1868 944 1912 chromate
981 1884 1082 1912 vero
1121 1872 1164 1912 et
1202 1869 1377 1912 diatono

69 1935 374 1992 compositum3
412 1937 542 1977 tonus
579 1935 624 1976 in
663 1935 883 1978 chromate
919 1937 984 1977 est
1017 1935 1295 1991 composituS,
1333 1936 1378 1978 in

31 2011 34 2014 ’
53 2001 196 2043 iatono
222 2001 552 2057 incompositus;
578 2000 890 2044 triemitonium
912 2001 956 2043 in
977 2001 1197 2043 chromate
1217 2001 1378 2043 incom-

55 2067 225 2122 ositum,
251 2066 295 2108 in
323 2066 497 2109 diatono
525 2067 830 2122 compositum;
862 2066 1056 2109 ditonum
1084 2067 1129 2109 in
1154 2066 1379 2109 harmonia

62 2148 390 2194 ἐκκαθαρθῆναι
416 2148 473 2183 W.
550 2152 607 2184 18.
632 2149 730 2184 Ante
755 2148 999 2194 περιεχόμενα
1024 2148 1108 2183 add.
1135 2148 1186 2194 μή
1210 2148 1270 2185 W.
1315 2147 1380 2185 καί

65 2195 91 2239 ⁴,
118 2207 188 2232 om.
213 2195 329 2231 M1W.
418 2200 472 2231 19.
500 2196 596 2231 Ante
622 2195 733 2242 μέσης
756 2197 884 2231 insert.
911 2196 1055 2241 ὑπάτης
1078 2196 1135 2230 M*
1220 2200 1276 2231 20.
1302 2202 1377 2232 τῶν

31 2242 89 2302 ἠ]
114 2243 161 2279 τά
187 2243 244 2279 W.
318 2247 376 2279 21.
402 2243 512 2289 μέσης
536 2242 601 2279 καί
625 2243 754 2291 νήτης]
780 2255 850 2279 om.
871 2244 931 2279 W.
1020 2248 1076 2302 23.
1104 2243 1271 2304 διτόνου]
1296 2246 1379 2279 δια-

24 2289 136 2333 ζόνου
161 2291 220 2327 W.
365 2295 420 2327 24.
447 2291 560 2338 ἐστιν]
594 2303 664 2327 om.
692 2292 751 2327 W.
802 2291 891 2327 Post
920 2290 1082 2341 ἁρμονίᾳ
1115 2291 1200 2327 add
1227 2291 1294 2338 μέν
1320 2291 1378 2328 W.

49 2342 80 2375 8.
107 2338 272 2386 δίτονον]
298 2339 358 2384 W,
385 2338 571 2388 ‹NJssvovov
595 2339 644 2375 M.
