1494 2450
79 824 120 854 10

77 1764 119 1794 10

77 2056 118 2086 15

1454 0 1494 29 ’Ἰ

151 64 206 104 62
650 65 962 102 ΦΑΙΝΟΜΕΝΛ
1455 9 1468 44 2

148 171 387 225 πορεύεται,
417 172 443 225 ἡ
471 174 554 213 ΓΕ
577 173 710 214 δύνει.
742 171 791 214 ἐν
816 167 849 230 ᾧ
868 173 951 228 ἄρα
975 175 1117 231 χρόνῳ
1141 175 1168 228 ἡ
1187 178 1273 216 ΔΑ
1297 174 1468 219 ἀνατέλε

148 237 227 287 λει,
253 233 301 276 ἐν
320 236 458 292 τούτῳ
478 236 504 290 ἡ
527 238 601 277 ΓΕ
619 237 753 278 δύνει.
786 236 944 290 ὁμοίως
962 238 1015 291 δὴ
1036 236 1245 291 δείξομεν,
1272 239 1351 290 ὅτι,
1371 238 1418 281 ἐν
1436 232 1469 296 ᾤ

149 299 174 352 ἡ
199 303 286 340 ΑΔ
311 300 448 353 δύνει,
473 298 522 342 ἐν
545 300 682 358 τούτῳ
708 300 734 355 ἡ
761 302 844 342 ΓΕ
866 300 1098 343 ἀνατέλλει.
1459 323 1465 338 1

777 422 844 477 ιβ’.

215 500 301 539 Τοῦ
333 499 437 552 μετὰ
468 499 546 540 τὸν
572 500 797 554 Καρκίνον
826 500 1085 553 ἡμικυκλίου
1116 501 1158 542 αἱ
1185 504 1275 542 ἴσαι
1298 500 1470 557 περιφέ-

147 577 259 615 ρειαι
285 560 333 603 ἐν
357 560 525 612 ἀνίσοις
549 563 723 618 χρόνοις
748 563 973 616 δύνουσιν,
998 565 1067 606 καὶ
1094 563 1142 606 ἐν
1159 566 1376 614 πλείστοις
1393 563 1471 620 μὲν

148 626 191 666 αἱ
222 626 329 681 πρὸς
359 633 452 676 ταῖς
484 635 701 682 συναφαῖς
730 634 818 669 τῶν
848 635 1085 683 τροπικῶν,
1118 627 1166 670 ἐν
1197 626 1398 671 ἐλάσσονι
1423 629 1471 672 δὲ

147 691 194 731 αἱ
217 688 311 744 ἑξῆς
335 691 516 745 τούτων,
542 691 589 733 ἐν
614 691 854 747 ἐλαχίστοις
879 689 926 734 δὲ
952 693 995 734 αἱ
1021 692 1129 747 πρὸς
1153 697 1211 749 τῷ
1226 693 1470 749 ἰσημερινῷ,

147 753 194 795 ἐν
229 758 307 811 ἴσῳ
343 752 390 796 δὲ
424 756 468 797 αἱ
505 759 602 797 ἴσον
633 755 868 811 ἀπέχουσαι
902 762 981 797 τοῦ
1013 757 1267 811 ἰσημερινοῦ
1297 757 1367 798 καὶ
1398 757 1470 799 δύ·

146 830 275 860 νουσι
300 819 371 860 καὶ
396 817 718 862 ἀνατέλλουσιν,

204 884 311 924 ἔστω
345 882 392 924 ἐν
421 885 566 940 κόσμῳ
599 883 753 939 ὁρίζων
778 884 800 926 6
827 886 969 939 ΑΒΓ,
998 884 1198 940 μέγιστος
1222 882 1270 926 δὲ
1295 892 1381 927 τῶν
1406 883 1470 928 ἀεὶ

146 953 350 1000 φανερῶν
375 947 397 989 6
424 949 510 988 ΡΣ
521 951 571 1001 Τ,
602 949 779 1003 θερινὸς
804 946 851 990 δὲ
876 949 1077 1003 τροπικὸς
1102 948 1125 990 6
1151 952 1194 990 Α
1202 951 1258 1002 Ε,
1289 965 1470 1004 χειμερι-

146 1011 221 1059 νὸς
252 1010 300 1052 δὲ
330 1012 535 1065 τροπικὸς
565 1013 588 1054 ὁ
617 1014 715 1066 ΓΖ,
754 1012 1002 1069 ῑσημερινὸς
1032 1012 1080 1054 δὲ
1114 1013 1137 1055 6
1169 1015 1328 1066 BHA,
1364 1013 1387 1055 6
1424 1013 1494 1056 «w

145 1081 232 1116 τῶν
263 1071 429 1131 ζῳδίων
460 1077 618 1126 κύκλος
650 1076 780 1118 θέσιν
811 1076 938 1171 ἐχέτω
970 1077 1050 1131 τὴν
1075 1078 1225 1130 ΑΗΓ,
1262 1077 1332 1118 καὶ
1363 1079 1494 1130 ἔστω.

1405 1166 1469 1173 ..—
1493 1170 1494 1178 ἶ

143 1215 418 1269 παραγένηται
444 1217 636 1258 ἀνατέλλει
661 1216 684 1270 ἡ
712 1222 804 1258 ΒΖ·
848 1219 939 1259 όταν
965 1218 1005 1259 δὲ
1031 1217 1072 1259 τὸ
1098 1223 1135 1259 Ε
1159 1220 1230 1271 τὴν
1255 1221 1346 1259 ΕΝ
1364 1234 1470 1291 περι·
1493 1244 1494 1247 =

144 1273 308 1346 φέρειαν
334 1272 532 1315 διελθὸν’
517 1276 581 1316 επὶ
605 1275 647 1316 τὸ
673 1279 718 1316 Ν
738 1276 1018 1330 παραγένηται,
1051 1279 1158 1317 δύνει
1183 1295 1206 1329 η
1232 1281 1329 1317 ΓΕ·
1370 1274 1414 1317 ἒν
1437 1270 1468 1334 ᾧ
1491 1294 1494 1333 ς

144 1331 218 1386 ἀρα
242 1333 366 1389 χρόνῳ
393 1332 415 1385 ἡ
437 1337 508 1373 ΒΖ
535 1334 756 1388 περιφέρεια
781 1335 985 1387 ἀνατέλλει,
1010 1332 1054 1375 ἒν
1078 1337 1199 1391 τούτῳ
1224 1334 1248 1387 ἡ
1269 1340 1344 1375 ΓΕ
1363 1351 1468 1388 περι-

145 1390 278 1443 φέρεια
304 1393 422 1431 δύνει.

774 1448 832 1504 ιβ
836 1486 843 1492 .

205 1523 283 1559 Τοῦ
309 1520 400 1571 μετὰ
426 1518 493 1559 τὸν
519 1522 716 1573 Καρκίνον
740 1520 971 1573 ἡμικυκλίου
997 1523 1041 1561 αἱ
1063 1523 1141 1561 ἴσαι
1166 1521 1404 1576 περιφέρειαι
1427 1522 1493 1562 ἐν

144 1577 294 1626 ἀνίσοις
317 1578 470 1632 χρόνοις
495 1580 702 1631 δύνουσιν,
734 1578 798 1619 καὶ
822 1580 864 1620 ἐν
890 1581 1078 1627 πλείστοις
1104 1576 1176 1632 μὲν
1202 1581 1248 1620 αἱ
1267 1578 1364 1633 πρὸς
1389 1585 1493 1628 ταῖς

145 1640 339 1687 συναφαῖς
372 1644 448 1677 τῶν
479 1644 686 1690 τροπικῶν,
716 1638 758 1678 έν
789 1637 964 1678 ἑλάσσοσι
995 1637 1036 1678 δὲ
1061 1640 1105 1678 αἱ
1125 1638 1214 1690 ἑξῆς
1238 1640 1396 1691 τούτων,
1426 1636 1492 1679 έν

144 1694 350 1746 ἐλαχίστοις
376 1694 416 1735 δὲ
442 1696 486 1735 αἱ
507 1693 604 1749 πρὸς
628 1701 679 1751 τῷ
701 1697 917 1752 ἰσημερινῷ,
948 1697 989 1736 ἐν
1016 1697 1112 1744 ἴσοις
1145 1695 1186 1736 δὲ
1217 1698 1262 1737 αἱ
1289 1698 1373 1737 ἴσον
1397 1696 1470 1736 ἀπ-

145 1751 299 1805 έχουσαι
323 1760 391 1793 τοῦ
418 1754 642 1808 ἰσημερινοῦ
667 1755 812 1794 κύκλου
837 1755 901 1794 καὶ
920 1755 1083 1795 δύνουσι
1101 1754 1166 1794 καὶ
1186 1754 1470 1796 ἀνατέλλουσιν

202 1811 296 1851 ἔστω
322 1810 458 1864 ὁρίζων
483 1813 625 1860 κύκλος
649 1811 669 1852 6
695 1816 866 1865 ΑΒΓΔ,
897 1813 1071 1866 μέγιστος
1103 1812 1144 1853 δὲ
1168 1820 1245 1853 τῶν
1270 1813 1328 1853 ἀεὶ
1353 1828 1470 1864 φανε·

144 1875 223 1921 ρῶν
249 1868 268 1908 6
295 1873 391 1922 E,Z
429 1870 494 1910 καὶ
525 1869 682 1924 θερινὸς
713 1869 782 1923 μὲν
813 1869 995 1925 τροπικὰς
1025 1870 1046 1911 6
1070 1874 1160 1923 BA,
1194 1869 1403 1925 χειμερινὸς
1428 1869 1494 1915 OM

144 1925 325 2002 τροπικὰς
350 1928 370 1969 6
396 1931 483 1981 ΓΔ,
514 1945 579 1968 και
610 1929 703 1969 ἔστω
735 1927 776 1969 τὸ
809 1929 901 1982 μετὰ
925 1927 993 1969 τὸν
1017 1931 1216 1983 Καρκίνον
1240 1927 1491 1981 ἡμικύκλιον
1493 1941 1494 1945 ’

144 1984 185 2025 τὸ
210 1989 280 2025 ΒΔ
303 1985 400 2038 ὑπὲρ
425 1994 510 2040 γῆς,
535 1985 755 2041 ίσημερινὸς
780 1986 821 2027 δὲ
845 1988 985 2035 κύκλος
1010 1987 1030 2028 6
1050 1990 1152 2040 ΗΘ,
1177 1987 1241 2027 καὶ
1267 1985 1494 2044 διῃρήσθω(

144 2043 312 2111 ἑκατέρα
335 2052 413 2084 τῶν
441 2046 532 2112 ΒΞ,
557 2045 637 2088 ΔΞ
657 2047 722 2114 εἰς
757 2047 841 2099 τρία
875 2046 939 2085 ἴσα
970 2046 1066 2086 κατὰ
1095 2046 1141 2085 τὰ
1171 2049 1228 2095 Κ,
1253 2050 1311 2095 Λ,
1337 2049 1404 2097 M,
1430 2044 1481 2095 N

203 2137 236 2163 a.
265 2133 295 2163 1.
315 2110 436 2174 δυνει]
465 2141 574 2174 supra
599 2141 666 2164 scr.
679 2110 879 2165 ἀνατέλλει
902 2142 949 2164 m
976 2133 996 2163 2
1022 2129 1064 2165 V.
1160 2130 1200 2165 ἐν
1225 2151 1267 2156 -
1294 2134 1325 2164 2.
1351 2128 1475 2177 δύνει]

144 2185 213 2227 pm.
241 2184 274 2210 a.
348 2179 378 2210 6.
405 2174 558 2221 ἀνίσοις]
585 2176 650 2212 ἄν·
676 2187 785 2222 supra
809 2189 856 2212 m.
883 2180 903 2210 2
929 2177 971 2212 V
1046 2179 1076 2212 7.
1102 2175 1318 2222 ἐν1ειάἀὶᾶί.

204 2245 240 2280 b.
269 2249 321 2279 11.
347 2227 501 2291 ΑΒΓΔ]
527 2249 656 2281 ΑΔΓΒ
682 2258 728 2281 m.
756 2251 776 2282 2
802 2247 1194 2292 Vat.12.BA]AB
1219 2257 1266 2281 ιιι.
1293 2249 1314 2280 2
1339 2225 1468 2281 νιι

147 2293 1164 2339 13.IA]A1·¹m.2Vat.16.A'·‘]EAm2Vat
1486 2306 1494 2450 j
