1494 2450
150 64 203 104 76
649 65 954 99 ΦΑῙΝΟΜΕΝΑ
1456 74 1477 115 3

1460 117 1478 148 3!

149 169 174 224 ἡ
198 167 278 223 μὲν
298 172 388 210 ΑΘ
412 175 486 223 τῆς
508 172 596 211 ΘΚ
619 170 757 220 δύνει,
782 171 807 224 ἡ
832 168 880 212 δὲ
902 172 991 212 ΘΚ
1007 177 1081 225 τῆς
1099 173 1207 213 ΚΗ·
1241 170 1288 213 ἐν
1306 155 1471 222 naccon&

149 234 232 288 ἄρα
256 235 398 291 χρόνῳ
424 235 548 276 δύνει
572 232 643 275 καὶ
667 234 693 287 ἡ
718 232 797 288 μὲν
823 236 922 276 ΓΜ
940 240 1015 288 τῆς
1035 237 1145 288 ΜΛ,
1170 234 1196 289 ἡ
1216 233 1265 277 δὲ
1284 238 1382 277 ΜΛ
1399 230 1472 293 τῆξ

152 300 253 340 ΛΗ.
284 298 337 339 τὰ
362 297 470 340 αὐτὰ
489 299 766 357 δειχθήσεται
790 298 860 340 καὶ
887 298 992 341 ὅταν
1016 297 1039 340 6
1058 301 1191 349 πόλος
1207 307 1295 341 τῶν
1313 300 1472 355 mapale?

152 363 295 416 λήλων
320 360 388 404 ἐπὶ
413 367 491 403 τοῦ
517 361 736 417 ὁρίζοντος
762 357 801 417 ᾖ,
824 362 895 404 καὶ
914 361 1204 418 γραφομένων
1222 363 1295 405 διὰ
1314 370 1400 405 τῶν
1419 365 1473 419 Κ,

155 429 192 467 Θ
229 428 445 481 μεγίστων
481 426 654 468 κύκλων
683 424 754 468 καὶ
786 427 858 468 διὰ
889 432 967 468 τοῦ
998 428 1135 469 πόλου
1167 426 1483 482 [γραφομένων

153 491 259 531 ὥστε
284 496 343 546 τῳ
371 489 478 546 ἕκτῳ
504 491 754 545 θεωρήματι
773 496 850 532 τοῦ
869 491 1018 545 τρίτου
1037 492 1212 545 βιβλίου
1231 498 1319 532 τῶν
1338 494 1481 546 Σφαιι

74 558 83 564 ”
152 554 319 636 ρικῶν].

92 1207 134 1236 10

98 1498 139 1529 15

96 1790 139 1819 20

99 2081 143 2111 25

355 628 376 636 4

155 673 247 712 ἔστω
272 678 318 727 τῇ
345 675 425 711 ΗΖ
457 671 571 724 ὁμοία
595 671 620 724 ἡ
647 675 743 712 ΛΨ.
793 672 835 712 ἐν
864 667 894 728 ᾧ
920 672 994 727 ἄρα
1018 673 1141 730 χρόνῳ
1166 673 1207 714 τὸ
1232 677 1277 712 Η
1270 644 1373 725 -τὴν
1397 676 1477 713 ΗΖ

155 730 401 784 περιφέρειαν
425 731 583 771 διελθὸν
609 730 670 771 ἐπὶ
694 731 740 771 τὸ
767 735 798 770 Ζ
822 733 1106 785 παραγίγνεται,
1137 731 1179 771 ἕν
1202 733 1323 788 τούτῳ
1349 731 1414 772 καὶ
1436 731 1483 772 τὸ·

155 794 195 829 Λ
226 789 297 840 τὴν
329 793 421 828 ΛΨ
445 789 693 843 περιφέρειαν
724 789 882 830 διελθὸν
912 790 974 830 ἐπὶ
1004 790 1046 830 τὸ
1077 793 1122 829 Ψ
1145 789 1328 844 παρέσται
1363 789 1427 830 καὶ
1457 787 1488 842 ‹5ss

156 855 233 887 τῶν
268 848 415 903 ζῳδίων
448 849 590 896 κύκλος
619 847 732 887 θέσιν
763 847 836 896 εξει
868 846 918 895 ὡς
949 848 1021 900 τὴν
1051 850 1191 888 ΨΖΩ.
1232 848 1296 888 καὶ
1327 848 1407 889 ἐπεὶ
1437 847 1494 888 {vs

157 907 303 961 σφαίρᾳ
328 906 563 958 παραλληλοι
587 906 721 946 κύκλοι
745 907 787 946 οἷ
805 909 904 957 ΟΠ,
925 910 998 946 ΡΣ
1019 907 1196 959 μεγίστου
1215 906 1319 955 τινὸς
1336 908 1480 947 κύκλου

156 965 399 1018 περιφερείας
422 971 491 1004 τοῦ
516 967 597 1003 ΑΓ
616 964 683 1011 τὰς
709 969 748 1003 Λ
757 968 817 1016 H
844 968 926 1004 ΗΚ
952 965 1036 1012 ἴσας
1060 965 1271 1018 ἀφαιροῦσι
1295 965 1391 1017 πρὸς
1415 965 1494 1010 τὸν,“

159 1023 334 1096 μέγιστον
359 1029 435 1062 τῶν
460 1023 714 1076 παραλλήλων
739 1022 805 1062 τὸν
826 1026 922 1076 ΕΖ,
948 1024 1029 1071 ἴσος
1051 1022 1154 1063 ἐστὶν
1179 1022 1199 1064 6
1229 1026 1313 1063 ΟΠ
1327 1027 1378 1078 τῷ
1399 1026 1481 1062 ΡΣ
1479 1045 1483 1049 -

160 1081 241 1122 ἐπεὶ
272 1076 346 1121 οὖν
377 1081 418 1121 ἐν
450 1082 596 1135 σφαίρα
627 1082 702 1121 ἴσοι
733 1097 770 1121 τε
801 1081 866 1121 καὶ
896 1082 1131 1134 παράλληλοι
1160 1082 1292 1122 κύκλοι
1320 1083 1360 1121 οἷ
1382 1083 1482 1130 ΠΟ,
1492 1099 1494 1101 ’

162 1143 236 1178 ΡΣ
257 1140 436 1192 μεγίστου
461 1139 566 1187 τινὸς
590 1141 736 1179 κύκλου
759 1141 1003 1192 περιφερείας
1027 1146 1096 1180 τοῦ
1120 1143 1273 1179 ΑΒΓΔ
1296 1139 1363 1187 τὰς
1387 1142 1483 1189 ΣΖ,
1492 1191 1494 1193 ¹

163 1201 246 1237 ZH
272 1197 485 1252 ἀφαιροῦσι
508 1197 604 1251 πρὸς
629 1198 695 1238 τὸν
719 1198 896 1251 μέγιστον
920 1204 997 1238 τῶν
1020 1199 1273 1251 παραλλήλων
1296 1198 1363 1238 τὸν
1388 1201 1484 1248 ΕΖ,

162 1258 225 1308 ι’ση
255 1255 356 1296 ἐστὶν
388 1254 412 1307 ἡ
438 1259 513 1295 ΣΖ
544 1264 590 1311 τῇ
616 1259 718 1295 ΖΠ·
768 1256 844 1296 ἔστι
875 1255 916 1295 δὲ
946 1256 1010 1296 καὶ
1040 1254 1065 1307 ἡ
1097 1259 1176 1295 ΨΖ
1207 1262 1252 1311 τῇ
1286 1258 1365 1295 ΖΩ
1397 1257 1482 1307 ἴση

162 1317 226 1367 ἴση
250 1330 325 1367 αρα
349 1314 413 1354 καὶ
438 1313 461 1365 ἡ
488 1313 564 1355 ἀπὸ
589 1321 658 1354 τοῦ
684 1317 729 1353 H
747 1313 809 1354 ἐπὶ
834 1314 875 1354 τὸ
898 1316 939 1354 Ω
965 1320 1008 1370 τῇ
1034 1314 1110 1355 ἀπὸ
1134 1321 1202 1355 τοῦ
1228 1317 1273 1354 Ψ
1290 1314 1353 1354 ἐπὶ
1377 1314 1418 1354 τὸ
1438 1317 1483 1352 Σ.

161 1374 229 1413 καί
249 1373 351 1413 ἐστιν
377 1374 457 1420 ἴσος
483 1371 503 1412 6
532 1375 619 1412 ΟΠ
637 1373 776 1420 κύκλος
799 1376 850 1428 τῷ
872 1375 946 1412 ΡΣ
966 1374 1115 1428 κύκλῳ·
1148 1373 1212 1424 ἴση
1236 1371 1311 1425 ἄρα
1334 1371 1436 1412 ἐστὶν
1460 1369 1484 1423 ἡ

163 1435 251 1471 ΠΩ
281 1437 326 1486 τῇ
359 1434 444 1470 ΨΣ
471 1432 703 1486 περιφερεία.
751 1430 832 1471 ἐπεὶ
865 1429 906 1471 δὲ
939 1430 1191 1483 ἀσύμπτωτόν
1225 1430 1303 1470 ἐστι
1335 1430 1376 1470 τὸ
1409 1429 1486 1469 ἀπὸ

168 1496 235 1530 τοῦ
260 1493 302 1528 Χ
322 1487 553 1540 ἡμικύκλιον
579 1487 630 1537 ὡς
654 1488 716 1529 ἐπὶ
740 1489 786 1528 τὰ
811 1492 861 1540 Χ,
881 1492 926 1528 H
944 1488 1039 1542 μέρη
1065 1493 1115 1545 τῷ
1137 1488 1213 1530 ἀπὸ
1239 1495 1306 1528 τοῦ
1332 1490 1373 1527 Ω
1397 1486 1486 1540 ἡμι-

164 1548 306 1604 κυκλίῳ
333 1546 385 1595 ὡς
409 1547 471 1587 ἐπὶ
496 1547 541 1587 τὰ
565 1549 620 1598 Ω,
648 1551 678 1586 Ζ
704 1547 812 1600 μέρη,
839 1519 952 1599 ἑμοία
977 1545 1080 1587 ἐστὶν
1090 1531 1129 1599 ἡ
1155 1549 1243 1587 ΠΩ
1267 1545 1488 1599 περιφέρεια

164 1613 207 1660 τῇ
237 1589 314 1645 ‹D‘Z
339 1607 570 1660 περιφερεία.
611 1605 704 1645 ἀλλὰ
730 1604 754 1656 ἡ
782 1607 870 1645 ΠΩ
894 1611 940 1677 τῆ
973 1608 1059 1645 ΨΣ
1079 1605 1181 1646 ἐστιν
1206 1604 1341 1657 ὁμοία·
1373 1604 1437 1644 καὶ
1461 1602 1485 1655 ἡ

168 1668 245 1704 <DZ
270 1681 344 1718 αρα
369 1672 414 1720 τῇ
442 1667 527 1703 ΨΣ
548 1664 649 1704 ε’στιν
675 1662 798 1715 ὁμοία.
829 1663 871 1704 ἐν
897 1680 926 1719 ῳ
950 1680 1025 1716 αρα
1049 1664 1173 1719 χρόνῳ
1197 1664 1240 1704 τὸ
1263 1666 1300 1702 Φ
1317 1663 1388 1714 τὴν
1411 1665 1488 1702 ΦΖ

165 1722 411 1795 περιφέρειαν
436 1722 595 1762 διελθὸν
620 1722 683 1762 ἐπὶ
707 1722 747 1762 τὸ
775 1726 806 1761 Ζ
830 1723 1116 1775 παραγίγνεται,
1147 1722 1189 1762 ἐν
1214 1722 1334 1777 τούτῳ
1359 1720 1423 1760 καὶ
1447 1719 1488 1760 τὸ

173 1785 217 1821 Ψ
235 1781 306 1832 τὴν
339 1784 424 1820 ΨΣ
451 1781 609 1821 διελθὸν
634 1780 696 1820 ἐπὶ
720 1780 761 1820 τὸ
787 1783 826 1819 Σ
852 1781 1133 1833 παραγίγνεται.
1182 1776 1265 1819 ἀλλ’
1294 1779 1387 1819 ὅταν
1419 1777 1488 1830 μὲν

166 1840 206 1880 τὸ
241 1842 278 1879 Φ
314 1838 374 1879 ἐπὶ
405 1839 447 1879 τὸ
481 1843 512 1878 Ζ
548 1838 820 1892 παραγένηται,
857 1838 1048 1878 ἀνατέλλει
1079 1836 1102 1889 ἡ
1137 1841 1181 1877 H
1187 1841 1224 1877 Φ
1259 1837 1491 1890 περιφέρεια,

166 1897 357 1938 τουτέστιν
383 1895 406 1947 ἡ
432 1900 538 1936 ΚΗ·
572 1897 664 1936 ὅταν
690 1895 731 1936 δὲ
755 1897 797 1938 τὸ
823 1900 867 1935 Ψ
887 1896 948 1936 ἐπὶ
972 1896 1013 1936 τὸ
1039 1900 1078 1935 Σ
1099 1895 1373 1950 παραγένηται,
1397 1895 1489 1934 ἀνα-

167 1955 282 1996 τέλλει
312 1954 336 2007 ἡ
369 1958 447 1995 ΨΖ
478 1954 714 2009 περιφέρεια,
746 1954 937 1995 τουτέστιν
968 1953 992 2006 ἡ
1018 1958 1127 1994 ΛΗ·
1176 1952 1201 2006 ἡ
1226 1957 1316 1993 ΚΗ
1340 1953 1414 2005 ἄρα
1444 1961 1490 2008 τῇ

169 2017 261 2053 ΛΗ
281 2013 323 2053 ἐν
348 2014 416 2068 ἴσῳ
442 2015 566 2070 χρόνῳ
591 2012 792 2053 ἀνατέλλει
824 2012 965 2065 ὁμοίως
990 2011 1223 2064 δείξομεν,”
1201 2028 1258 2052 οτι
1282 2009 1390 2063 καὶὴ
1412 2013 1492 2050 ΚΘ

170 2080 216 2128 τῇ
242 2075 345 2112 ΛΜ
364 2069 408 2112 ἐν
435 2072 503 2127 ἴσῳ
530 2072 655 2141 χρόνῳ
681 2070 887 2120 ἀνατέλλει,
913 2087 937 2121 η
964 2069 1006 2111 δὲ
1031 2073 1112 2111 ΑΘ
1136 2077 1180 2125 τῇ
1207 2073 1305 2110 ΜΓ.

227 2136 296 2170 τοῦ
321 2146 396 2183 αρα
421 2129 513 2181 μετὰ
538 2127 605 2170 τὸν
626 2130 823 2183 Καρκίνον
847 2128 1079 2180 ἡμικυκλίου
1104 2130 1148 2168 αἱ
1164 2129 1241 2169 ἴσαι
1259 2126 1494 2198 περιφέρειαι

170 2189 212 2229 ἐν
236 2188 385 2236 ἀνίσοις
404 2189 557 2240 χρόνοις
575 2189 775 2236 δύνουσιν,
800 2186 864 2227 καὶ
882 2187 925 2248 ἐν
944 2188 1131 2249 πλείστοις
1151 2185 1220 2238 μὲν
1239 2187 1283 2247 αἶ
1296 2183 1412 2247 πρὸς
1411 2189 1494 2233 ταῖς

229 2270 262 2295 a
289 2264 320 2295 2.
348 2261 443 2305 ΓΜ]
469 2262 547 2295 ΓΝ
568 2269 601 2294 ιι.
674 2261 746 2294 ΜΛ
753 2246 872 2304 (pr.)]
893 2269 980 2294 corr.
1007 2269 1050 2293 ex
1075 2261 1150 2293 ΜΛ
1175 2258 1219 2293 V.
1361 2261 1392 2294 4
1418 2255 1494 2304 καί]

170 2313 242 2343 τῶν
267 2317 299 2344 a.
396 2310 428 2342 ὃ.
454 2306 696 2352 γραφομένων
716 2326 758 2333 -
779 2309 810 2340 6.
838 2307 1068 2352 Σφαιρικῶν]
1093 2305 1207 2340 deleo.
