1494 2450
171 439 735 484 DEMONSTRATIONES
761 442 1029 485 ALTERAE
1052 443 1430 488 RECENSIONIS
1445 444 1493 507 bg

820 573 853 613 1.

670 663 742 706 Ad
766 679 904 719 prop.
925 664 996 707 VI.

600 756 798 807 ’Ἁλλως
822 757 878 799 τὸ
906 759 1046 801 αὐτό.

215 847 355 890 ’Ἑστω
387 849 409 891 ὁ
442 850 598 905 ὁρίζων
626 852 784 900 κύκλος
816 851 838 893 ὁ
870 854 1063 906 ΑΒΓΔ,
1100 854 1171 894 καὶ
1206 852 1382 907 θερινὸς
1410 844 1493 908 μὲνῖ

122 919 142 949 5
168 911 371 967 τροπικὰς
404 912 512 956 ἔστω
545 913 567 956 ὁ
594 917 698 969 ΑΔ,
735 914 977 971 χειμερινὸς
1008 914 1055 958 δὲ
1085 915 1108 959 ὁ
1140 919 1234 971 ΒΓ,
1272 917 1294 959 ὁ
1327 917 1374 959 δὲ
1402 916 1494 971 τῶνὶ

169 976 335 1032 ζῳδίων
365 977 523 1027 κύκλος
553 977 683 1021 θέσιν
713 976 842 1034 ἐχέτω
869 980 927 1030 ὡς
950 981 1029 1034 τὴν
1053 983 1256 1035 ΔΗΒΖ,
1287 981 1358 1023 καὶ
1381 979 1494 1090 ἔστω,

166 1038 238 1082 ἐπὶ
263 1046 342 1082 τοῦ
361 1044 546 1084 ΔΗΒΖ
571 1044 677 1085 κατὰ
701 1043 934 1099 διάμετρον
958 1045 1009 1086 τὰ
1031 1048 1079 1098 Ζ,
1099 1047 1150 1086 H
1167 1053 1335 1100 σημεῖα·
1366 1045 1484 1101 λέγω,

167 1104 233 1146 ὅτι
257 1111 337 1147 τοῦ
364 1109 399 1147 Ζ
424 1105 734 1157 ἀνατέλλοντος
759 1106 806 1150 τὸ
833 1111 884 1150 Η
901 1109 1035 1151 δύνει.
1460 1123 1465 1126 “
1490 1152 1494 1183 ι

225 1169 262 1210 εἰ
293 1170 375 1224 γὰρ
408 1171 612 1221 δυνατόν,
648 1172 705 1226 μὴ
731 1171 910 1226 δυνέτω,
947 1171 1039 1215 ἀλλ’
1069 1175 1175 1215 ἔστω
1201 1172 1248 1216 τὸ
1278 1177 1315 1215 Θ
1339 1175 1493 1239 δῦνου,ι

97 1240 140 1270 10
164 1232 235 1274 καὶ
261 1233 334 1275 διὰ
357 1241 445 1276 τῶν
470 1238 520 1288 Ζ,
548 1237 586 1276 Θ
617 1236 883 1291 παράλληλοι
913 1237 1065 1279 κύκλοι
1097 1238 1423 1293 γεγράφθωσαν.
1445 1239 1492 1283 οῖ’

167 1299 274 1351 ΝΘ,
297 1300 392 1340 ΖΚ.
424 1298 532 1340 ὥστε
556 1305 634 1341 τοῦ
657 1302 691 1341 Ζ
717 1299 1028 1350 ἀνατέλλοντος
1051 1303 1158 1342 κατὰ
1181 1300 1229 1343 τὸ
1250 1304 1294 1343 Κ
1310 1309 1484 1357 σημεῖον

164 1359 212 1402 τὸ
235 1363 272 1402 Θ
297 1362 474 1404 δύσεται
496 1364 604 1405 κατὰ
629 1362 676 1405 τὸ
697 1367 747 1405 Ν
765 1364 835 1406 καὶ
855 1364 878 1406 ὁ
898 1372 984 1406 τῶν
1004 1366 1168 1422 ζῳδίων
1186 1366 1342 1416 κύκλος
1362 1366 1483 1420 θέσιν

162 1423 245 1474 ἔξει
265 1426 344 1479 τὴν
363 1429 553 1468 ΜΝΛΚ.
585 1426 656 1469 καὶ
675 1425 772 1470 ἐπεὶ
791 1427 989 1485 ἑκάτερος
1007 1437 1094 1471 τῶν
1112 1432 1288 1484 ΑΒΓΔ,
1309 1427 1485 1483 ΜΝΛΚ

163 1489 336 1531 κύκλων
358 1489 558 1544 μέγιστός
577 1490 712 1546 ἐστιν,
737 1494 842 1534 κατὰ
863 1493 1095 1547 διάμετρόν
1111 1493 1204 1537 ἐστι
1223 1494 1272 1536 τὸ
1293 1497 1338 1536 Κ
1352 1499 1410 1552 τῷ
1425 1496 1481 1555 Ν·

95 1560 136 1590 15
163 1551 271 1595 ἀλλὰ
295 1551 343 1595 τὸ
368 1554 448 1607 μὲν
473 1557 519 1596 Κ
539 1559 597 1612 τῷ
621 1559 654 1597 Ζ
679 1554 770 1598 ἐστι
795 1555 843 1598 τὸ
869 1556 993 1611 αὐτό,
1024 1557 1072 1600 τὸ
1099 1558 1147 1600 δὲ
1172 1562 1222 1600 Ν
1239 1563 1297 1616 τῷ
1321 1563 1373 1600 Θ·
1415 1556 1482 1606 καὶ

162 1615 210 1658 τὸ
239 1620 273 1658 Ζ
304 1618 388 1671 ἄρα
411 1623 472 1676 τῷ
499 1622 536 1660 Θ
566 1618 657 1662 ἐστι
681 1621 788 1662 κατὰ
814 1614 1061 1676 ὃιάμετρον·
1104 1622 1210 1664 ἀλλὰ
1236 1622 1306 1665 καὶ
1333 1628 1393 1680 τῷ
1418 1616 1494 1693 ΗἾ

163 1680 266 1736 ὅπερ
292 1681 523 1724 ἀδύνατον.
572 1684 652 1726 οὐκ
683 1685 765 1739 ἄρα
790 1691 867 1726 τοῦ
896 1687 930 1726 Ζ
955 1684 1262 1736 ἀνατέλλοντος
1286 1685 1334 1729 τὸ
1362 1689 1412 1728 Η
1429 1681 1494 1741 οὓς

162 1746 302 1786 δύνει·
335 1747 458 1788 δύνει
483 1748 577 1803 ἄρα.
1488 1745 1492 1846 l

1490 1353 1493 1366 A

1488 1999 1494 2179 ξ

1488 1870 1494 1978 2

219 2177 248 2210 7.
275 2176 436 2222 AHBZ]
464 2179 490 2211 Ζ
517 2176 602 2212 add.
628 2189 674 2212 m.
703 2182 722 2212 2
749 2178 830 2213 Vat.
952 2182 1004 2233 10:
1036 2179 1120 2260 διάΙΙ
1142 2191 1252 2234 supra
1277 2181 1358 2215 add.
1385 2192 1432 2215 m.
1457 2182 1478 2217 1

159 2221 240 2256 Vat.
289 2222 527 2269 παράλληλοι]
547 2234 662 2268 comp.
682 2236 728 2260 m.
752 2229 768 2259 1
790 2225 883 2267 Vat..
909 2225 1076 2261 ommbun
1110 2227 1229 2262 lttena
1249 2238 1360 2272 supra.
1378 2239 1424 2263 m.
1447 2229 1479 2264 2.

160 2271 213 2303 18.
239 2267 303 2303 καί
326 2289 370 2294 -
395 2271 574 2316 ΜΝΛΚ]
600 2282 671 2316 mg.
698 2282 745 2306 m.
772 2275 791 2305 2
818 2270 900 2306 Vnt.
1471 2281 1474 2284 ’
