1494 2450
164 71 247 113 146
508 72 706 108 SCHOLIA
729 73 781 108 IN
804 73 1137 110 PHAENOMENA

161 178 292 284 {inm
314 185 607 235 καταγραφῆς,
636 180 694 230 ὡς
719 180 784 222 ὅτι
809 180 880 223 καὶ
907 180 954 223 ἐν
979 181 1090 231 ἴσοις
1115 184 1286 238 χρόνοις
1309 148 1486 245 &vadi-J

188 253 288 284 ουσι
320 276 329 285 .

222 259 319 349 ΙΟᾶ
346 305 469 349 Ἀλλὰ
493 308 519 362 ἡ
539 310 590 350 11
593 309 636 349 Ω
661 323 701 362 p.
724 308 866 364 76,17]
894 309 951 359 ὡς
977 314 1046 364 ἴση
1072 317 1158 352 τῶν
1181 311 1353 354 κύκλων
1378 255 1476 356 ἴσὲν

1484 350 1487 358 r

1441 370 1452 386 ι,
1484 371 1486 379 ι

161 371 312 412 ὄντων.
1435 375 1445 406 ²·

115 445 134 476 5
222 434 315 476 101.
348 434 393 478 P.
415 434 558 490 76,25]
589 433 701 490 ἔχεις
731 435 802 478 καὶ
834 438 914 491 τὴν
939 436 1121 493 ἐσχάτην
1145 440 1355 494 πρότασιν
1378 439 1486 490 dem*

161 498 454 553 δεδειγμένην,
481 499 546 542 ὅτι
565 498 641 541 Ἐν
666 504 744 558 ἴσῳ
771 498 818 542 δὲ
844 502 888 543 αἱ
915 505 1012 544 ἴσον
1036 501 1272 557 ἀπέχουσαι
1297 510 1375 545 τοῦ
1393 504 1486 560 lov—³

160 569 343 617 μερινοῦ
373 564 537 604 κύκλου
597 567 695 607 ἴσον
725 565 807 621 γὰρ
839 564 1046 620 ἀπέχουσι
1078 572 1156 608 τοῦ
1183 567 1431 622 ἰσημερινοῢ
1447 566 1486 624 ἡ

161 629 201 668 Λ
209 626 249 673 Ξ
268 625 339 668 καὶ
365 627 391 681 ἡ
418 626 522 673 ΞΜ
1439 650 1442 651 ’
1484 644 1485 671 g

222 690 315 732 102.
351 689 424 732 Ἐκ
447 697 668 746 περισσοῦ.
718 699 793 747 τῆς
817 692 949 748 αὐτῆς
972 699 1248 748 καταγραφῆς
1271 695 1477 751 μενούσης

93 764 135 795 10
161 754 285 808 λέγω,
311 754 377 797 ὅτι
401 754 427 808 ἡ
448 758 533 797 ΑΒ
558 762 609 811 τῇ
628 758 717 797 ΒΓ
735 756 783 798 ἐν
807 760 886 813 ἴσῳ
911 759 1052 814 χρόνῳ
1078 758 1212 799 δύνει.
1243 757 1332 800 ἐπεὶ
1357 759 1436 815 γὰρ
1451 754 1485 816 ff

162 820 240 860 ΓΔ
264 825 339 873 τῆς
359 821 443 860 ΒΕ
465 821 619 873 μείζων
644 819 760 862 ἐστὶν
785 821 810 875 ἢ
837 820 976 876 ὁμοία,
1001 823 1162 863 κείσθω
1187 828 1237 877 τῇ
1258 825 1342 864 ΒΕ
1358 817 1486 875 ὁμοίαι

160 883 184 936 ἡ
206 884 305 936 ΓΖ,
330 883 402 924 καὶ
426 882 449 924 ὁ
476 883 642 940 ζῳδίων
665 885 823 934 κύκλος
847 883 976 927 θέσιν
995 884 1122 940 ἐχέτω
1140 886 1219 940 τὴν
1241 889 1380 928 ΖΕΗ.
1410 885 1485 930 καὶ

158 1627 248 1671 ἐπεὶ
280 1633 350 1683 ἴση
382 1628 500 1671 ἐστὶν
529 1629 555 1683 ἡ
583 1631 665 1670 ΑΒ
697 1634 748 1684 τῇ
774 1630 870 1682 ΒΓ,
900 1627 992 1678 ἴσος
1016 1627 1134 1670 ἐστὶν
1160 1628 1182 1670 ὁ
1209 1633 1250 1670 Α
1260 1631 1297 1670 Θ
1327 1629 1477 1679 κύκλος

158 1699 216 1749 τῷ
244 1694 324 1734 ΓΔ
348 1693 508 1749 κύκλῳ·
543 1697 614 1746 ἴση
647 1693 729 1747 ἄρα
753 1693 823 1734 καὶ
849 1692 874 1746 ἡ
902 1695 990 1734 ΛΕ
1012 1698 1062 1748 τῇ
1088 1695 1181 1734 ΕΛ.
1222 1690 1312 1734 ἔστι
1338 1689 1386 1734 δὲ
1409 1690 1476 1749 ud

90 1766 132 1798 15
157 1755 183 1809 ἡ
212 1758 295 1798 ΖΕ
322 1762 373 1812 τῇ
399 1758 496 1797 ΕΗ
520 1755 612 1810 ἴση,
646 1754 736 1798 ἐπεὶ
767 1754 838 1798 καὶ
870 1755 895 1810 ἡ
925 1758 1002 1797 ΓΒ
1033 1762 1084 1810 τῇ
1110 1758 1190 1797 ΒΑ
1221 1760 1315 1810 ἴση·
1364 1755 1435 1798 ἐστ

158 1821 241 1875 ἄρα
264 1819 336 1862 καὶ
361 1821 387 1874 ἡ
413 1819 495 1862 ἀπὸ
520 1826 599 1861 τοῦ
620 1822 671 1861 Η
688 1819 757 1862 ἐπὶ
781 1821 830 1862 τὸ
852 1824 890 1861 A
914 1825 965 1875 τῇ
992 1820 1075 1862 ἀπὸ
1101 1825 1178 1861 τοῦ
1198 1823 1240 1861 Δ
1265 1819 1334 1862 ἐπὶ
1357 1821 1406 1862 τὸ
1427 1820 1476 1870 Ζ·

159 1888 229 1938 ἴση
255 1884 336 1939 ἄρα
362 1884 433 1926 καὶ
458 1884 484 1938 ἡ
504 1886 599 1926 ΑΗ
621 1883 873 1939 περιφέρεια
897 1890 947 1939 τῇ
968 1886 1053 1925 ΔΖ
1078 1885 1352 1939 περιφερείᾳ·
1383 1880 1472 1941 ἀλλ’

157 1947 301 2002 ἡΛΗ
321 1954 371 2003 τῇ
392 1950 474 1989 ΕΒ
500 1946 619 1990 ἐστιν
643 1947 792 2001 ὁμοία·
822 1946 894 1990 καὶ
918 1946 944 2001 ἡ
965 1950 1046 1989 ΕΒ
1073 1947 1157 2002 ἄρα
1181 1953 1232 2003 τῇ
1251 1950 1338 1989 ΔΖ
1363 1946 1467 2005 ἐστι,

158 2011 296 2064 ὁμοία.
327 2011 374 2054 ἐν
399 2006 431 2068 ᾧ
453 2012 536 2066 ἄρα
561 2013 702 2068 χρόνῳ
727 2012 776 2053 τὸ
803 2013 839 2053 Β
865 2010 1104 2066 ἀρξάμενον
1129 2010 1212 2053 ἀπὸ
1237 2016 1315 2053 τοῦ
1340 2013 1376 2052 Β
1401 2027 1422 2052 τ
1454 2044 1475 2067 4

89 2086 132 2117 20
158 2078 243 2116 BE
266 2076 448 2118 διελθὸν
472 2074 541 2117 ἐπὶ
567 2075 615 2117 τὸ
639 2078 681 2116 Ε
702 2076 1026 2131 παραγίγνεται,
1051 2073 1099 2116 ἐν
1122 2074 1260 2131 τούτῳ
1285 2073 1355 2116 καὶ
1375 2074 1422 2116 τὸ
1462 2123 1464 2125 ,

157 2138 398 2194 ἀρξάμενον
432 2139 514 2181 ἀπὸ
545 2145 623 2181 τοῦ
652 2141 686 2180 Ζ
716 2138 795 2193 τῇ
823 2141 902 2180 ΖΔ
935 2138 1117 2181 διελθὸν
1142 2136 1210 2180 ἐπὶ
1235 2138 1283 2179 τὸ
1307 2141 1350 2179 Δ
1373 2151 1431 2179 πα
1465 2155 1467 2158 ·

217 2210 293 2241 100.
320 2206 346 2242 C
370 2209 456 2252 (mg.
484 2218 513 2242 c.
541 2199 755 2252 signo*}>m.)
780 2218 820 2247 κς
852 2206 890 2240 in
914 2198 1018 2241 bex'tu
1041 2206 1120 2249 Mq.
1224 2208 1300 2240 101.
1325 2203 1414 2240 vav
1471 2187 1476 2226 s

159 2257 235 2288 102.
262 2253 339 2288 Hoc
365 2253 545 2288 scholium
570 2264 765 2306 posrjpfqp.
788 2252 856 2287 XII
884 2252 922 2287 in
947 2253 1047 2287 textu
1072 2251 1156 2287 hab.
1183 2251 1287 2287 codd.
1313 2261 1382 2286 reo.
1409 2245 1467 2286 b.:'⁴

158 2304 270 2347 ””ἶ6.
295 2304 546 2347 Ροέῐῒὶᾱᾶ.
574 2305 630 2356 ἴση
655 2323 701 2347 m.
729 2304 759 2346 ἷ
775 2311 853 2346 vat.
