1494 2450
541 48 845 85 FRAGMENTA
1289 48 1376 90 239

19 154 48 212 ’7
77 159 321 216 ωρημάτων
350 158 377 214 ἢ
404 159 463 209 ὡς
487 154 824 215 προβλημάτων,
850 156 952 213 παρ’
979 156 1002 199 ὃ
1028 157 1102 200 καὶ
1127 156 1377 213 συμβέβηκε

22 222 106 272 iem
139 228 318 268 πολλῶν
352 232 612 280 γεωμετρῶν
645 225 750 273 τοὺς
782 221 865 279 μὲν
899 223 1230 278 ὑπολαμβάνειν
1264 223 1376 265 αὐτὰ

21 274 134 348 Εἶναι
159 295 218 349 τῷ
237 289 356 344 γένει
381 292 647 346 θεωρήματα
671 291 777 339 τοὺς
801 286 850 330 δε
875 291 1162 344 προβλήματα
1188 288 1375 342 ἀποβλέ-

20 350 182 423 ῥυντας
208 357 270 406 εἰς
293 358 343 399 τὸ
370 362 512 411 σχῆμα
536 356 676 410 μόνον
701 361 778 409 τῆς
796 355 1060 410 προτάσεως.
1098 355 1180 409 τὴν
1206 352 1254 396 δὲ
1282 354 1377 396 δια-

20 472 22 477 f
43 423 166 477 ρὰν
184 429 273 465 τῶν
291 430 428 478 τριῶν
447 422 617 464 τούτων
643 420 711 462 ὅτι
729 419 909 475 βέλτιον
930 418 1096 476 ῄδεσαν
1121 419 1207 463 οῖ’
1184 426 1374 476 αρχαῖοι,

31 512 36 524 2
78 492 158 531 λον
184 488 231 531 ἐκ
255 495 345 530 τῶν
370 487 501 544 ὅρων.
533 485 706 542 ἔφασαν
730 487 814 541 γὰρ
841 486 1052 541 θεώρημα
1077 501 1158 540 μεν
1185 489 1299 528 εἰναι
1324 486 1374 527 τὸ

22 547 363 610 Ῐροτεινόμενον
388 554 451 604 εἰς
475 551 703 602 ἀπόδειξιν
734 552 872 594 αὐτοῦ
904 557 983 593 τοῦ
1015 550 1375 632 προτεινομένου,

18 621 248 677 πρόβλημα
286 620 335 662 δὲ
371 620 420 661 τὸ
458 619 823 674 προβαλλόμενον
858 617 920 666 εἰς
953 616 1374 671 κατασκευὴναύτοῦ

18 689 100 748 ᾣῦ
133 684 498 740 προτεινομένου,
536 685 730 739 πόρισμα
766 683 815 725 δὲ
850 683 899 725 τὸ
933 683 1278 737 προτεινόμενον
1313 683 1376 732 εἰς

16 749 236 818 &cocenim
268 750 406 793 αὐτοῦ
431 755 513 792 τοῦ
538 748 898 804 προτεινομένου.
948 748 1198 802 μετεγράφη
1226 745 1274 790 δὲ
1301 744 1375 790 οὗ-

16 819 93 870 κὼς
119 816 141 859 ὁ
168 822 247 858 τοῦ
272 817 540 870 πορίσματος
572 815 676 869 ὅρος
706 815 794 858 ὑπὸ
826 821 916 856 τῶν
947 812 1176 867 νεωτέρων
1208 814 1265 868 μὴ
1300 814 1376 855 δυ-

15 875 222 947 ᾲαμένων
247 882 418 923 ἅπαντα
436 883 646 935 πορίζειν,
673 880 782 922 ἀλλὰ
803 877 1128 935 συγχρωμένων
1147 886 1240 928 τοῖς
1259 890 1378 921 στοι-

15 948 154 1007 :zelet-3·
190 947 365 996 τούτοις
402 945 475 988 καὶ
509 946 782 988 δεικνύντων
813 945 921 987 αὐτὸ
954 945 1096 998 μόνον
1127 943 1279 999 τοῦθ’,
1308 944 1376 986 ὅτι

15 1010 112 1058 ‚ku
131 1013 180 1054 τὸ
202 1013 482 1067 ζητούμενον,
508 1028 566 1067 μη
592 1013 862 1065 ποριζόντων
889 1008 936 1053 δε
959 1016 1091 1053 τοῦτο
1111 1010 1184 1052 καὶ
1204 1008 1376 1065 ἐλεγχο-

34 1120 38 1123 ,
73 1094 166 1121 νων
196 1078 281 1120 ὑπὸ
313 1084 391 1120 τοῦ
423 1077 532 1132 ὅρου
565 1078 637 1119 καὶ
667 1084 757 1119 τῶν
788 1075 1133 1131 διδασκομένων.
1177 1073 1377 1130 ἔγραψαν

29 1175 38 1190 -,
100 1143 186 1187 ἀπὸ
218 1145 543 1198 συμβεβηκότος
568 1142 724 1192 οὕτως·
765 1142 961 1197 πόρισμά
993 1140 1115 1184 ἐστιν
1146 1141 1194 1183 τὸ
1221 1144 1377 1183 λεῖπον

64 1208 234 1251 οθέσει
268 1214 452 1251 τοπικοῦ
487 1209 784 1263 θεωρήματος.
823 1208 986 1250 τούτου
1021 1207 1071 1249 δὲ
1104 1213 1184 1249 τοῦ
1219 1206 1377 1260 γένους

12 1292 15 1309 2
43 1270 108 1314 *nv
133 1275 415 1327 πορισμάτων
447 1271 566 1323 εἶδός
591 1273 712 1316 ἐστιν
739 1274 781 1315 οἱ
806 1274 932 1315 τόποι
959 1271 1031 1315 καὶ
1056 1272 1377 1323 πλεονάζουσιν

38 1367 48 1401 3
101 1343 161 1396 τῷ
197 1338 499 1396 ἄναλυομένςο·
531 1337 856 1394 κεχωρισμένον
891 1336 939 1380 δὲ
973 1346 1063 1380 τῶν
1093 1337 1377 1392 πορισμάτων

62 1415 256 1458 ροισται
282 1404 354 1447 καὶ
379 1403 670 1461 ἐπιγράφεται
694 1405 767 1446 καὶ
792 1404 1084 1459 παραδίδοται
1111 1404 1186 1445 διὰ
1216 1403 1265 1445 τὸ
1297 1418 1375 1445 πο-

10 1479 18 1504 ῖ’
39 1470 214 1531 κ,’χυτον
239 1467 353 1512 εἶναι
378 1473 549 1524 μᾶλλον
573 1478 662 1512 τῶν
688 1471 837 1512 ἄλλων
868 1469 1001 1511 εἰδῶν
1035 1468 1142 1524 [τῶν
1168 1474 1282 1523 γοῦν
1306 1470 1376 1510 τό-

53 1550 116 1577 ων
142 1535 262 1577 ἐστὶν
287 1535 313 1577 ἃ
338 1533 419 1591 μὲν
444 1534 665 1578 ἐπιπέδων
690 1534 717 1577 ἃ
746 1533 795 1578 δὲ
827 1541 1018 1589 στερεῶν
1050 1534 1076 1576 ἃ
1110 1532 1159 1576 δὲ
1191 1549 1376 1588 γραμμι-

14 1610 38 1662 {⁹-
58 1616 113 1642 ην
145 1601 217 1643 καὶ
253 1603 316 1643 ἔτι
349 1608 440 1643 τῶν
473 1601 583 1657 πρὸς
616 1600 884 1655 μεσότητας]
936 1598 1185 1654 συμβέβηκε
1221 1600 1270 1641 δὲ
1304 1599 1376 1641 καὶ

47 1675 49 1677 ’
72 1671 152 1708 ῦτο
189 1672 282 1716 τοῖς
314 1667 584 1722 πορίσμασιν
615 1666 692 1716 τὰς
725 1666 960 1721 προτάσεις
996 1663 1115 1720 ἔχειν
1151 1663 1376 1731 ἐπιτετμη-

13 1735 18 1741 “
67 1730 155 1781 ’νας
191 1732 265 1773 διὰ
301 1733 383 1784 τὴν
418 1732 676 1785 σκολιότητα
713 1734 892 1773 πολλῶν
929 1734 1140 1785 συνήθως
1178 1741 1374 1772 συνυπα-

27 1795 293 1849 quogoe‘voev·
332 1798 443 1839 ὥστε
474 1798 668 1846 πολλοὺς
698 1804 787 1839 τῶν
818 1803 1077 1852 γεωμετρῶν
1110 1794 1180 1838 ἐπὶ
1215 1794 1377 1851 μέρους

28 1885 51 1914 1‘
72 1861 296 1916 δέχεσθαι,
318 1862 371 1904 τὰ
391 1859 439 1904 δὲ
459 1861 782 1918 ἀναγκαιότερα
806 1862 986 1916 ἀγνοεῖν
1006 1868 1095 1903 τῶν
1114 1860 1377 1916 σημαινομέ-

27 1937 29 1970 j
52 1942 125 1969 ων.
169 1930 424 1982 περιλαβεῖν
443 1924 492 1969 δὲ
511 1927 652 1969 πολλὰ
672 1932 750 1983 μιᾷ
766 1926 976 1980 προτάσει
1000 1927 1157 1981 ἥκιστα
1182 1927 1377 1968 δυνατὸν

27 2015 29 2018 f
103 1993 278 2042 τούτοις
313 1992 387 2035 διὰ
419 1993 468 2034 τὸ
504 1991 576 2034 καὶ
612 1993 749 2035 αὐτὸν
779 1991 1032 2046 Εὐκλείδην
1066 1993 1120 2035 οὐ
1154 1993 1298 2034 πολλὰ
1333 1992 1375 2043 ἐξ

44 2265 52 2307 f
85 2285 140 2316 10.
165 2281 376 2328 μετεγράφη
402 2303 447 2309 —-
474 2286 529 2318 23.
556 2282 769 2329 μεσότητας]
796 2282 867 2318 del.
895 2282 1067 2319 Hultsch.
1189 2286 1246 2318 28.
1273 2295 1378 2328 περι-

53 2329 150 2374 ·βεῖν
176 2349 220 2355 --
246 2341 282 2374 p.
296 2333 378 2374 240,
393 2334 413 2364 3
439 2330 600 2377 πλῆθος]
625 2329 697 2366 del.
723 2330 894 2366 Hultsch.

25 2050 52 2088 ¹.
79 2057 207 2100 ’στου
227 2059 375 2107 εἴδους
399 2057 660 2112 τεθεικέναι,
686 2058 797 2100 ἀλλὰ
818 2059 1049 2112 δείγματος
1075 2058 1202 2101 ἕνεκα
1229 2057 1276 2099 ἐκ
1301 2065 1385 2112 τῆς·

1402 763 1447 795 10

1405 1091 1449 1122 15

1402 1418 1449 1450 20

1403 1745 1450 1776 25

1403 2071 1449 2102 30
