1494 2450
89 767 132 798 10

90 1087 132 1119 15

89 1407 134 1439 20

91 1816 135 1846 25

156 73 242 114 244
673 75 969 112 FRAGMENTA

155 179 341 234 άλληλος
365 181 448 233 ἄρα
473 180 593 223 ἐστὶν
617 182 643 236 ἡ
670 185 763 224 ΛΗ
781 189 832 238 τῇ
858 185 943 225 ΒΓ.
994 186 1112 226 ἔστιν
1136 185 1236 239 ἄρα,
1268 186 1326 238 ὡς
1349 186 1375 240 ἡ
1442 183 1444 187 “

155 244 264 299 πρὸς
287 245 368 298 τὴν
387 247 480 295 ΒΛ,
507 246 643 296 οὕτως
667 246 714 288 ἐν
738 250 997 303 παραλλήλῳ
1016 247 1043 301 ἡ
1063 251 1143 290 ΕΘ
1159 250 1268 302 πρὸς
1285 249 1365 302 τὴν
1384 252 1421 292 Θ
1489 255 1494 261 “

157 310 247 350 ἔστι
279 306 327 350 δὲ
351 310 441 362 καί,
477 311 534 358 ὡς
559 310 584 364 ἡ
609 313 692 352 ΕΒ
717 312 824 364 πρὸς
848 312 927 365 τὴν
952 315 1051 366 ΒΛ,
1086 313 1224 362 οὕτως
1248 312 1296 354 ἐν
1319 327 1454 369 παραγ

157 374 271 429 λήλῳ
297 373 323 426 ὴ
348 375 438 415 ΕΚ
460 374 567 428 πρὸς
591 375 670 428 τὴν
689 376 797 416 ΚΖ·
829 376 900 418 καὶ
925 376 982 425 ὡς
1006 376 1089 431 ἄρα
1114 377 1140 430 ἡ
1159 379 1250 418 ΕΚ
1270 378 1377 432 πρὸς
1399 393 1423 419 τ

156 438 262 490 ΚΖ,
288 437 425 486 οὕτως
449 437 568 480 ἐστὶν
592 439 618 492 ὴ
638 441 724 480 ΕΘ
746 441 856 494 πρὸς
874 441 954 494 τὴν
976 443 1074 482 ΘΗ.
1104 441 1378 495 παράλληλος
1395 441 1424 483 ἄ

158 499 275 541 ἐστὶν
299 500 325 554 ἡ
355 504 444 543 ΘΚ
464 508 515 557 τῇ
542 506 584 544 Α
592 505 637 544 Γ

215 565 304 605 Διὰ
330 562 377 606 δὲ
402 572 479 607 τοῦ
506 566 783 644 συνημμένου
810 568 963 617 οὕτως
994 567 1090 610 ἐπεί
1111 567 1243 622 ἐστιν,
1268 570 1325 618 ὡς
1348 568 1374 622 ἡ
1399 514 1494 631 Αἰ,

157 628 265 682 πρὸς
295 630 375 682 τὴν
409 632 516 678 ΖΗ,
554 630 691 680 οὕτως
721 632 747 685 ἡ
779 635 864 673 ΑΔ
893 633 1003 687 πρὸς
1033 634 1112 686 τὴν
1136 635 1230 686 ΔΓ,
1267 626 1482 688 ἀνάπαλιῒ]

158 691 296 746 ἐστιν,
328 693 385 742 ὡς
409 693 434 747 ἡ
461 696 549 735 ΗΖ
580 695 688 750 πρὸς
719 696 798 749 τὴν
826 699 923 749 ΖΛ,
956 696 1091 746 οὕτως
1117 696 1142 749 ἡ
1170 699 1249 738 ΓΔ
1272 696 1379 752 πρὸς
1401 695 1481 752 τὴο

157 759 254 797 ΔΑ.
293 757 503 800 συνθέντι
527 757 599 800 καὶ
625 759 804 809 ἐναλλὰξ
830 759 901 801 καὶ
926 760 1246 815 ἀναστρέψαντί
1268 760 1399 815 ἐστιν,
1424 760 1481 814 ὠή

158 821 183 873 ἡ
210 823 296 861 ΑΔ
320 822 428 875 πρὸς
453 822 532 876 τὴν
556 826 651 876 ΔΖ,
678 823 815 873 οὕτως
839 824 865 877 ἡ
891 826 977 865 ΑΓ
995 825 1102 880 πρὸς
1126 824 1205 878 τὴν
1225 827 1316 866 ΓΗ.
1348 823 1438 867 ἀλλ’
1455 820 1483 874 ἅ

157 900 237 938 μεν
262 890 337 938 τῆς
362 889 449 927 ΑΔ
476 887 585 941 πρὸς
609 887 688 941 τὴν
714 891 795 928 ΔΖ
821 894 1034 942 συνῆπται
1059 891 1106 930 ἔκ
1130 904 1175 930 τε
1200 895 1276 930 τοῦ
1301 895 1376 943 τῆς
1400 880 1482 932 AB}

157 949 264 1003 πρὸς
288 950 367 1003 τὴν
392 953 479 991 ΒΕ
501 949 571 992 καὶ
597 956 675 993 τοῦ
699 957 774 1004 τῆς
799 954 890 993 ΕΚ
910 953 1020 1006 πρὸς
1044 954 1123 1007 τὴν
1147 955 1253 1007 ΚΖ,
1288 952 1310 995 ὁ
1337 950 1384 994 δὲ
1407 958 1484 1008 τῆς.

158 1014 245 1054 ΑΓ
261 1013 371 1067 πρὸς
393 1015 474 1068 τὴν
500 1016 589 1056 ΓΗ
615 1017 660 1056 ἔκ
686 1031 730 1057 τε
755 1022 833 1057 τοῦ
859 1021 934 1069 τῆς
959 1019 1044 1058 ΑΒ
1070 1018 1176 1070 πρὸς
1200 1018 1280 1071 τὴν
1305 1019 1390 1058 ΒΕ
1411 1014 1482 1060 καὶ·

158 1082 236 1118 τοῦ
270 1082 346 1130 τῆς
370 1080 454 1118 ΕΘ
486 1078 595 1134 πρὸς
625 1080 704 1133 τὴν
732 1082 845 1121 ΘΗ·
894 1080 917 1122 ὁ
949 1081 1032 1135 ἄρα
1063 1080 1334 1134 συνημμένος
1359 1082 1484 1134 λόγος

158 1138 206 1182 ἔκ
229 1156 275 1182 τε
300 1147 392 1195 τοῦ,
418 1142 470 1184 ὃν
494 1140 578 1196 ἔχει
606 1143 631 1196 ἡ
659 1147 701 1184 A
710 1146 745 1185 Β
770 1145 878 1198 πρὸς
901 1145 981 1198 τὴν
1006 1147 1096 1198 ΒΕ,
1120 1143 1191 1186 καὶ
1216 1145 1242 1198 ἡ
1267 1147 1358 1186 ΕΚ
1377 1138 1487 1202 πρὸξ

158 1206 238 1259 τὴν
257 1207 351 1259 ΚΖ,
372 1205 399 1247 ·ὁ
426 1206 555 1256 αὐτός
580 1205 699 1249 ἐστιν
724 1212 783 1264 τῷ
803 1207 1060 1264 συνημμένῳ
1078 1207 1126 1250 ἔκ
1144 1224 1189 1250 τε
1207 1214 1300 1262 τοῦ,
1325 1208 1377 1250 ὃν
1396 1206 1486 1263 ἔχεό

157 1269 184 1322 ἡ
210 1272 296 1310 AB
322 1271 430 1323 πρὸς
453 1271 532 1324 τὴν
557 1273 648 1324 ΒΕ,
672 1273 744 1313 καὶ
770 1273 796 1326 ἡ
821 1275 908 1314 ΕΘ
932 1273 1040 1326 πρὸς
1065 1273 1145 1326 τὴν
1174 1275 1268 1314 ΘΗ.
1300 1272 1372 1314 καὶ
1395 1287 1484 1314 not-

159 1333 234 1382 νὸς
259 1333 556 1388 ἐκκεκρούσθω
583 1334 605 1376 ὁ
631 1342 704 1389 τῆς
724 1339 804 1377 ΑΒ
829 1338 938 1390 πρὸς
961 1337 1041 1390 τὴν
1059 1339 1139 1377 ΒΕ
1157 1338 1300 1389 λόγος·
1332 1328 1484 1378 λοιπὸν

160 1396 242 1450 ἄρα
267 1396 290 1439 ὁ
315 1404 390 1452 τῆς
408 1401 491 1439 ΕΚ
514 1400 622 1450 πρὸς
647 1400 726 1453 τὴν
745 1402 826 1442 ΚΖ
852 1403 980 1454 λόγος
997 1399 1028 1441 ’ὁ
1049 1399 1177 1448 αὐτός
1196 1399 1314 1442 ἐστιν
1332 1404 1392 1455 τῷ
1410 1395 1489 1453 τῆξ

159 1464 241 1502 ΕΘ
263 1461 371 1516 πρὸς
395 1463 474 1516 τὴν
496 1465 589 1504 ΘΗ
620 1464 894 1517 παράλληλος
918 1465 1001 1518 ἄρα
1026 1461 1145 1504 ἐστὶν
1169 1464 1195 1517 ἡ
1218 1465 1301 1504 ΘΚ
1323 1469 1372 1517 τῇ
1393 1457 1491 1510 ΑΓΕ

521 1592 600 1640 Εἰς
624 1592 672 1633 τὸ
698 1592 905 1645 δεύτερον
929 1592 1131 1645 πόρισμα.

220 1683 269 1736 β.
301 1685 570 1737 Καταγραφὴ
595 1684 982 1738 ἡΑΒΓΔΕΖΗΘ,
1008 1686 1114 1726 ἔστω
1142 1681 1190 1725 δε
1214 1680 1494 1737 παραλληλοέ

161 1747 187 1800 ἡ
212 1750 292 1788 ΑΖ
318 1753 367 1802 τῇ
393 1751 489 1801 ΔΒ,
522 1748 579 1797 ὡς
603 1748 697 1790 δὲ’
676 1765 701 1802 η
728 1752 811 1790 ΑΕ
833 1751 941 1802 πρὸς
964 1749 1044 1802 τὴν
1068 1750 1159 1801 ΕΖ,
1191 1747 1328 1796 οὕτως
1351 1746 1376 1800 ἡ
1405 1730 1494 1803 ΓΕ

160 1812 269 1865 πρὸς
293 1812 373 1865 τὴν
398 1814 500 1853 HZ·
532 1812 597 1854 ὅτι
623 1813 775 1854 εὐθεῖά
799 1811 918 1854 ἐστιν
941 1812 967 1866 ἡ
994 1813 1066 1854 διὰ
1091 1819 1179 1853 τῶν
1207 1814 1256 1865 Θ,
1281 1813 1336 1864 Κ,
1365 1813 1409 1853 Ζ.
1476 1800 1494 1882 ἶ

218 1875 343 1930 ἤχθω
376 1876 449 1917 διὰ
480 1882 557 1917 τοῦ
584 1878 634 1917 Η
657 1877 773 1929 παρὰ
798 1877 876 1930 τὴν
909 1879 991 1917 ΔΕ
1014 1877 1040 1929 ἡ
1066 1877 1170 1929 ΗΛ,
1200 1874 1272 1916 καὶ
1297 1874 1494 1929 sswtgsvff

160 1944 290 1981 θεῖσα
314 1939 340 1993 ἡ
370 1942 453 1981 ΘΚ
475 1940 753 1993 ἐκβεβλήσθω
780 1938 849 1981 ἐπὶ
874 1940 922 1981 τὸ
948 1942 998 1981 Λ.

221 2003 311 2045 ἐπεὶ
337 2001 418 2046 οὖν
444 2003 574 2056 ἐστιν,
601 2005 657 2054 ὡς
681 2005 707 2058 ἡ
733 2007 817 2045 ΑΕ
839 2004 947 2059 πρὸς
972 2004 1052 2057 τὴν
1076 2005 1167 2056 ΕΖ,
1193 2002 1329 2051 οὕτως
1353 2002 1379 2056 ἡ
1406 2003 1447 2043 Γ
1443 1996 1494 2047 Η

161 2069 270 2122 πρὸς
294 2069 374 2122 τὴν
399 2070 510 2121 ΗΖ,
537 2067 716 2117 ἐναλλάξ
744 2067 881 2117 ἐστιν,
913 2067 970 2116 ὡς
994 2067 1020 2120 ἡ
1047 2070 1136 2108 ΛΕ
1157 2067 1264 2118 πρὸς
1289 2067 1368 2119 τὴν
1394 2067 1436 2107 Γ
1429 2065 1494 2121 [ἦ

282 2166 459 2210 ἡ-ΕΘ
480 2169 511 2200 3.
538 2165 769 2223 παραλλήλῳ]
794 2164 934 2206 addidi,
960 2176 1029 2199 om.
1051 2164 1142 2205 cod„
1167 2164 1284 2208 ὴΕΚ
1306 2162 1398 2206 πρὸς
1421 2161 1494 2208 τηα

164 2169 241 2246 KZ
259 2213 322 2247 καὶ
346 2211 369 2255 ἡ
396 2213 470 2247 ΕΘ
494 2211 585 2255 πρὸς
608 2211 674 2256 τὴν
703 2213 794 2247 ΘΗ·
833 2212 895 2246 καὶ
926 2211 974 2251 ὡς
1004 2210 1051 2254 ἄρ
1054 2224 1077 2244 α
1102 2224 1144 2245 κτ
1126 2177 1189 2245 τλη
1223 2208 1379 2243 ΗυΙὺεοΙι
1405 2203 1494 2247 eud

163 2258 436 2340 goffzmaessndino.
592 2261 645 2293 12.
678 2261 746 2292 AB
773 2279 815 2283 —
844 2261 896 2292 14.
922 2263 988 2293 τοῦ
1012 2256 1091 2302 τῆς]
1123 2255 1268 2298 addidi·
1299 2266 1369 2290 om.
1395 2253 1494 2298 cod..

201 2316 223 2339 u
267 2317 295 2339 c
1482 2327 1483 2330 ,
