1494 2450
528 64 869 100 PHAENOMENA
1321 67 1379 108 45

26 140 28 162 l

25 166 113 222 ιΖΥ
140 177 359 233 aequalem
393 190 496 218 esse.
547 176 691 230 itaque
723 174 914 229 reliquus
947 189 1070 216 arcus
1103 174 1182 222 ΞΛ
1212 175 1378 230 reliquo

74 245 142 287 cui
167 247 246 286 ΡΤ
267 241 454 297 aequalis
481 243 556 284 est.
601 240 747 282 eadem
774 240 825 282 de
851 254 978 282 causa
1003 241 1132 282 etiam
1158 255 1280 283 arcus
1308 241 1384 288 ΓΞ

21 311 143 373 pascui
173 312 251 351 ΤΔ
276 307 466 363 aequalis
492 308 568 349 est.

20 383 22 416 j
85 389 185 431 ergo
207 375 329 430 signa
348 372 644 428 inaequalibus
664 373 896 429 segmentis
918 372 1155 414 horizontis
1176 374 1218 415 et
1239 372 1380 415 oriun-

20 428 98 483 ⁸tur
123 442 166 482 et
190 439 404 493 occidunt,
430 452 480 481 ac
505 438 703 480 maximis
730 437 901 493 quidem
929 452 991 493 ea,
1025 453 1135 493 quae
1160 438 1214 480 ad
1238 438 1381 493 aequi-

18 494 252 549 ssnoctialem
278 507 392 559 sunt,
417 503 655 546 minoribus
682 506 825 546 autem
846 518 905 559 ea,
932 518 1040 559 quae
1058 503 1164 546 haec
1183 503 1381 558 deinceps

17 573 276 626 sequuntur,
302 570 491 612 minimis
517 572 661 611 autem
687 584 750 624 ea,
776 584 885 625 quae
910 570 961 611 ad
988 568 1179 625 tropicos
1199 571 1314 624 sunt,
1339 571 1382 610 et

27 636 275 692 aequalibus
296 650 358 689 ea,
378 650 486 691 quae
506 634 558 677 ab
578 635 885 690 aequinoctiali
900 634 1057 677 circulo
1073 635 1241 690 aequali
1255 635 1382 677 inter-

14 703 139 744 wallo
167 701 337 744 distant.

666 759 739 802 IX.

88 844 246 887 Circuli
278 845 440 888 zodiaci
471 844 741 898 semicirculi,
773 845 1030 900 quicumque
1056 844 1101 886 in
1127 844 1274 887 eodem
1301 844 1380 887 cir-

30 911 123 958 culo
155 911 360 965 parallelo
392 909 603 965 principia
628 924 716 952 non
741 909 921 964 habent,
953 909 1251 965 inaequalibus
1278 913 1382 952 tem-

30 975 204 1035 poribus
237 976 447 1030 oriuntur,
482 990 532 1018 ac
556 977 744 1017 maximo
771 975 943 1031 quidem
968 976 1020 1030 is,
1053 975 1127 1031 qui
1152 978 1252 1031 post
1277 974 1381 1018 Can-

30 1037 147 1084 crum
167 1043 245 1095 est,
271 1041 435 1083 minore
456 1044 598 1083 autem
620 1041 665 1095 ii,
687 1041 760 1095 qui
779 1040 894 1082 hunc
914 1041 1110 1096 deinceps
1131 1043 1383 1096 sequuntur„

30 1106 206 1149 minimo
239 1109 379 1149 autem
411 1107 468 1162 is,
502 1107 577 1162 qui
608 1109 707 1161 post
735 1105 1042 1162 Capricornum
1074 1109 1158 1161 est,
1191 1107 1226 1149 si
1257 1108 1383 1162 polus

31 1171 375 1228 septentrionalis
408 1187 536 1227 supra
559 1171 825 1214 horizontem
853 1175 917 1215 est
943 1175 1070 1227 atque
1096 1172 1226 1214 etiam
1251 1173 1384 1214 maxi-

0 1234 1 1239 *
30 1251 124 1280 mus
150 1237 420 1292 circulorum,
454 1237 526 1293 qui
559 1251 728 1292 semper
759 1238 980 1293 conspicui
1007 1241 1120 1292 sunt,
1153 1238 1294 1280 minor
1319 1241 1385 1279 est

29 1303 196 1358 tropico
229 1303 410 1356 aestiv03
449 1303 708 1358 quicumque
740 1305 883 1347 autem
914 1303 1126 1360 principia
1158 1304 1203 1345 in
1234 1303 1382 1346 eodem

32 1367 188 1411 circulo
214 1368 420 1424 parallelo
445 1368 619 1423 habent,
645 1368 813 1424 aequali
838 1371 1031 1424 tempore
1058 1369 1264 1411 oriuntur.

583 1509 763 1545 Recensio
789 1511 824 1546 b.

90 1574 157 1612 IX.
173 1574 319 1613 Circuli
330 1574 480 1613 zodiaci
490 1575 738 1625 semicirculi,
753 1575 875 1625 quiin
886 1576 1022 1615 eodem
1034 1578 1180 1615 circulo
1191 1577 1384 1627 parallelo

33 1633 228 1684 principia
252 1647 330 1673 non
355 1634 515 1683 habent,
540 1634 820 1684 inaequalibus
839 1636 1085 1685 temporibus
1105 1636 1182 1674 toti
1203 1637 1386 1675 oriuntur

34 1705 80 1731 ac
102 1694 275 1733 maximo
295 1693 456 1743 quidem
476 1694 523 1743 is,
549 1695 620 1743 qui
646 1696 737 1745 post
756 1693 953 1733 Cancrum
979 1697 1050 1745 est,
1075 1696 1226 1735 minore
1253 1698 1385 1734 autem

33 1753 75 1801 ii,
100 1753 168 1802 qui
193 1753 296 1791 hunc
322 1753 505 1803 deinceps
531 1756 761 1803 sequuntur,
786 1755 961 1793 minimis
982 1757 1114 1794 autem
1135 1755 1181 1805 is,
1207 1756 1276 1805 qui
1295 1758 1386 1805 post

34 1811 316 1862 Capricornum
341 1814 417 1862 est3
444 1814 684 1863 quicumque
711 1815 845 1852 autem
870 1815 1068 1864 principia
1094 1816 1134 1853 in
1155 1815 1294 1854 eodem
1312 1817 1385 1853 cir-

33 1871 122 1911 culo
147 1872 339 1922 parallelo
364 1872 524 1923 habent,
551 1873 784 1923 aequalibus
810 1874 1056 1924 temporibus
1083 1877 1278 1915 oriuntur.

94 1963 127 2007 1)
164 1962 206 1997 In
230 1962 302 1998 hac
326 1962 582 2008 propositione
608 1963 689 1998 cod.
715 1964 748 1999 V
774 1964 823 1998 ad
855 1965 936 2000 cod.
961 1965 1045 2000 Vat.
1073 1965 1199 2000 eiusve
1226 1965 1384 2000 adfinem

36 2019 58 2044 a
82 2021 131 2045 m.
157 2013 177 2044 2
204 2011 391 2045 correctus
422 2012 496 2053 est3
530 2011 645 2046 etiam
676 2010 826 2046 litterae
857 2013 982 2047 textus
1014 2012 1064 2048 ad
1088 2012 1246 2058 figuram
1270 2014 1386 2058 perti-

33 2058 163 2092 nentes
195 2059 234 2092 et
263 2057 381 2103 ipsius
413 2058 554 2104 figurae
584 2058 624 2093 in
655 2058 802 2094 litteras
826 2070 898 2095 rec.
919 2060 945 2096 b
975 2060 1145 2096 mutatae
1176 2061 1280 2103 sunt;
1316 2071 1386 2106 ego

34 2103 175 2149 priores
209 2104 366 2148 litteras,
400 2116 559 2150 quarum
594 2117 732 2152 magna
763 2117 850 2152 pars
882 2107 995 2153 plane
1028 2108 1190 2153 evanuit,
1224 2108 1386 2143 restitui.

34 2150 121 2187 le'
149 2152 393 2188 correctiones
425 2164 558 2188 manus
590 2157 610 2188 2
630 2153 664 2189 V
689 2154 729 2189 in
754 2155 900 2190 textum
930 2157 1162 2201 receperunt.
1200 2156 1240 2191 in
1266 2155 1386 2202 figura

36 2198 116 2234 cod.
143 2199 173 2234 V
199 2210 266 2245 pro
292 2203 334 2236 N
355 2201 413 2235 est
437 2203 496 2244 M3
527 2203 574 2236 Μ
602 2201 719 2246 igitur
751 2202 809 2237 bis
841 2204 1058 2248 usurpatum
1089 2203 1204 2238 verba
1229 2203 1270 2238 τὸ
1297 2203 1386 2248 μετὰ

39 2245 140 2291 (μετὰ
157 2247 204 2282 τά
229 2247 276 2293 V)
301 2247 367 2283 τὸν
386 2246 567 2294 αἰγόκερω
593 2250 632 2284 et
654 2246 696 2284 τὸ
716 2249 807 2294 μετὰ
825 2248 892 2286 τὸν
911 2249 1092 2294 καρκίνον
1117 2263 1164 2286 m.
1187 2255 1206 2286 2
1227 2251 1270 2295 V,
1296 2251 1386 2285 item

36 2293 175 2377 &icas-N
199 2294 239 2329 in
263 2295 352 2340 figg.
378 2295 485 2331 codd.
511 2295 560 2330 Ll
595 2299 622 2331 Z
648 2298 686 2332 et
711 2300 747 2332 N
781 2298 932 2342 desunt3
968 2299 1007 2333 in
1033 2299 1067 2333 v'
1099 2310 1166 2344 pro
1194 2302 1233 2333 N
1262 2300 1319 2334 est
1349 2301 1388 2342 Z,

37 2351 108 2376 om.
175 2371 182 2377 .
