1456 2456
28 65 31 115 ]
537 63 906 100 PROLEGOMENA
1288 64 1403 99 XLIII

27 145 138 220 {vm-11
164 173 240 219 (W)
296 185 331 218 p.
349 176 429 216 192,
445 176 463 206 7
490 170 640 218 λιχανὸς
664 171 830 218 ὑπάτων]
857 171 897 206 in
921 182 993 206 ras.
1051 175 1071 206 8
1098 169 1233 218 μέσων]
1260 192 1305 198 ——
1329 171 1405 207 ων*

26 269 27 272 ¹
50 239 170 274 supra,
196 227 235 262 in
255 227 361 262 textu
379 224 470 272 μέση
487 225 580 271 (W);
607 226 699 260 item
717 224 782 260 lin.
797 229 830 269 9,
847 229 890 260 10
911 226 998 260 ante
1018 224 1083 259 lin.
1101 228 1144 259 12
1165 225 1251 260 add.
1271 225 1312 260 in
1331 236 1403 260 ras.

49 279 195 327 λιχανὸς
215 278 457 324 συνημμένων
477 276 699 323 ἐναρμόνιος
712 278 788 324 (W)
840 282 895 322 14,
912 282 967 323 15,
983 282 1038 324 16,
1054 282 1099 313 28
1119 278 1207 314 hab.
1223 279 1404 314 lectiones

50 333 186 370 oodicis
196 332 254 367 W.
308 336 350 367 17
367 329 600 378 ἐναρμόνιος]
616 342 699 375 om.,
715 331 808 367 item
821 331 886 366 lin.
897 335 940 367 19
990 335 1035 366 26
1055 330 1205 378 λιχανός
1219 353 1263 358 -
1278 336 1322 367 29
1343 332 1403 378 ‘te'-

49 387 138 434 σων]
163 399 237 432 mg.
257 398 305 421 m.
325 389 343 420 1
371 384 457 431 (7⁰);
489 385 528 420 in
553 386 674 420 textu:
703 383 942 431 ἐναρμόνιος,
968 383 1117 431 λιχανὸς
1141 385 1296 422 ὑπάτων
1321 385 1405 422 διά-

48 454 172 485 τονος,
201 439 322 485 ὑπάτη
348 438 466 485 μέσων
491 438 705 485 χρωματικὴ
731 439 880 485 λιχανὸς
905 439 1058 474 ὑπάτων
1113 451 1148 484 p.
1166 443 1245 483 194,
1261 443 1302 474 11
1330 438 1405 484 τρί-

48 507 91 540 τη
106 515 150 520 -
163 497 206 528 18
226 491 454 539 χρωματική]
468 504 541 538 mg.
553 504 602 527 m.
614 496 651 536 1·
676 492 716 527 in
735 493 855 528 textu:
877 491 968 538 νήτη
989 492 1264 539 διεζευγμένων,
1283 506 1406 537 παρα-

50 547 140 593 νήτη
161 545 436 592 διεζευγμένων,
455 545 558 591 τρίτη
579 544 836 592 ὑπερβολαίων
855 546 1069 592 χρωματική
1089 545 1165 591 (W)
1216 550 1261 581 24
1280 547 1405 583 κινού-

18 614 152 649 μενοι
171 621 217 627 -
238 604 281 635 26
307 599 461 646 τάσεως]
488 611 561 645 mg
582 611 631 634 m.
651 604 668 634 1
722 603 766 635 30
793 599 844 646 οἱ]
872 599 907 635 οἱ
934 598 974 635 δὲ
1001 600 1037 636 οἱ
1063 599 1120 645 (οι
1138 602 1180 635 δε
1206 599 1254 646 οἱ)
1282 600 1357 646 (W)

49 666 84 702 Ρ.
101 658 180 699 196,
195 658 214 689 9
241 652 459 700 παρυπάτη]
485 653 586 713 παρ*
611 673 655 679 —
685 656 728 688 18
754 652 951 698 παρανήτη
978 675 1024 679 -
1052 657 1094 688 19
1119 653 1334 700 παρανήτη]
1367 653 1406 688 in

49 719 120 744 ras.
172 712 214 743 19
241 706 466 754 χρωματική]
494 706 533 741 in
558 717 650 750 ras„
680 706 772 742 item
796 706 860 742 lin.
878 710 922 742 20
979 711 1024 742 20
1051 707 1086 742 οι
1112 707 1155 743 δέ
1180 729 1223 733 -
1251 711 1295 743 23
1323 707 1406 743 διά-

16 757 19 788 f
37 762 172 812 τονος]
193 773 263 796 om.
316 764 360 796 26
381 760 563 807 σύνθετα]
582 759 775 795 ἀσύνθετα
789 761 841 836 ¹)*
862 773 897 805 p.
913 764 1022 803 198,1
1043 762 1130 806 post
1148 758 1300 797 δίτονον
1320 761 1406 796 add.

14 811 41 863 J
40 814 302 863 τριημιτόνιον
326 812 450 861 τόνος]
482 812 592 854 τόνος
616 814 679 848 καὶ
705 812 841 855 τόνος*
867 814 943 860 (W)
991 816 1077 860 post
1101 813 1295 861 ἡμιτόνιον
1320 815 1406 850 add.

34 867 166 915 ζιζδίεσις
215 872 235 904 9
261 867 386 904 πάντα
406 868 485 914 (ast.
487 868 516 915 )]
539 866 673 903 πέντε*
722 867 874 914 ἐλάττω]
895 867 1075 904 ἐλλάττων
1126 872 1170 903 10
1195 870 1281 914 posh
1299 868 1408 909 τόνος

12 966 15 971 ὶ
36 923 138 963 add.
162 921 416 968 τριημιτόνιον
472 926 516 957 14
542 920 631 957 ωστε
657 920 705 987 μὴ
731 922 941 969 κραθῆναι]
967 922 1014 967 μὴ
1042 921 1132 958 ὥστε
1158 920 1180 966 ἢ
1206 924 1407 968 καθαρθῆ-

12 973 13 978 ’
35 972 114 1015 »ναι
165 980 207 1011 19
235 978 323 1012 ante
348 974 459 1021 μέσης
485 976 570 1011 add.
591 974 735 1021 ὑπάτης
784 987 820 1020 p.
837 979 916 1019 200,
933 980 975 1010 17
997 974 1019 1020 ἢ
1042 976 1232 1022 χρώματος
1257 976 1322 1011 καὶ
1342 975 1407 1020 ἁρ-

30 1024 199 1076 μονίας]
227 1040 298 1064 om.
325 1028 388 1074 (W
399 1028 442 1074 ²³)
495 1032 538 1064 19
566 1026 749 1074 φθόγγων
774 1027 912 1069 τόπους
937 1028 1012 1074 (W)
1069 1033 1113 1064 20
1140 1027 1323 1076 διεσιαίῳ]
1350 1030 1408 1064 δε-

10 1107 12 1124 r
51 1081 116 1130 σίῳ
137 1082 214 1129 (W)
263 1086 306 1117 21
329 1080 471 1129 ἑτέρου]
498 1081 674 1126 ὀξυτέρου
725 1086 769 1117 22
788 1081 1054 1130 τετράχορδον]
1075 1104 1118 1108 -
1134 1082 1210 1118 ων*
1260 1087 1304 1118 23
1326 1082 1407 1129 μέν]

9 1135 11 1178 J
51 1136 140 1183 μέση
190 1148 226 1181 p.
241 1140 321 1180 202,
337 1141 353 1170 1
377 1136 508 1182 αὑτοῦ]
531 1136 624 1183 αὐτῇ
674 1137 761 1181 post
780 1135 959 1181 διαιρέσει
985 1136 1071 1171 add.
1090 1142 1134 1183 τῇ
1155 1136 1248 1183 αὐτῇ
1300 1140 1320 1171 2
1344 1136 1409 1172 καί

8 1200 9 1231 5
51 1210 95 1216 —
113 1193 133 1224 6
154 1188 271 1226 δίεσιν
285 1190 385 1236 (pr.)]
407 1201 480 1235 mg.
494 1201 541 1224 m.
557 1195 574 1224 1
627 1193 647 1224 6
674 1191 762 1224 ante
780 1187 1018 1234 τριτημόριον
1038 1189 1121 1223 add.
1141 1186 1208 1225 τό*
1256 1188 1315 1236 τό]
1336 1200 1408 1224 om.

8 1241 10 1255 ²
51 1247 73 1279 7
99 1245 185 1289 post
209 1241 317 1291 τρίτῳ
343 1243 428 1278 add.
450 1243 660 1279 ἀσύνθετον
683 1243 869 1288 διάστημα
894 1254 969 1286 mg.
990 1242 1076 1276 add.
1096 1254 1144 1276 m.
1162 1246 1198 1277 1:
1226 1242 1409 1287 γράφεται

53 1297 117 1333 καὶ
143 1295 273 1338 οὕτως·
300 1297 364 1332 καὶ
384 1296 502 1332 δίεσιν
520 1296 589 1342 τὴν
609 1295 780 1342 ἡμίσειαν
799 1295 993 1342 ἡμιτονίου
1014 1294 1125 1331 τόνου
1151 1294 1192 1332 τὸ
1216 1295 1281 1331 διὰ
1300 1295 1408 1332 πέντε

6 1348 7 1351 “
53 1351 118 1386 καὶ
136 1350 203 1396 τὴν
224 1350 307 1395 ἴσην
325 1349 420 1398 τόνῳ
440 1351 506 1386 καὶ
530 1350 599 1396 τὴν
623 1350 815 1396 τετάρτην,
840 1349 881 1385 τὸ
909 1350 949 1385 δὲ
975 1347 1145 1395 ἡμιόλιον
1170 1349 1266 1385 κατὰ
1291 1347 1410 1385 δίεσιν

53 1404 118 1439 καὶ
143 1402 272 1440 δίεσιν.
309 1399 335 1446 ξ
355 1403 421 1449 μὲν
446 1403 649 1450 ἡμιτονίων
679 1402 861 1439 σύνθετόν
890 1404 966 1439 ἐστι
994 1403 1197 1448 διάστημα·
1229 1404 1308 1448 τρὶς
1339 1402 1409 1448 γὰρ

0 1457 5 1503 ζ,
51 1461 74 1500 ζ
95 1459 158 1494 καὶ
179 1471 200 1493 κ
226 1458 291 1493 καὶ
316 1471 340 1492 α
360 1458 438 1503 (cfr.
452 1457 514 1503 W)
566 1462 585 1493 9
614 1457 707 1494 ἑπτὰ
727 1455 879 1494 διέσεων
899 1455 1196 1502 τεταρτημορίων
1247 1461 1291 1492 10
1315 1456 1410 1505 χρόᾳ

0 1509 3 1563 ’Ἰ
53 1511 228 1559 κέχρηται
246 1509 341 1560 χρόα
381 1515 423 1546 12
444 1510 640 1557 κέκληνται
654 1511 728 1557 (W)
769 1515 812 1546 14
833 1511 1025 1557 σύνθεσιν]
1046 1510 1256 1552 συνθέσεως
1295 1515 1338 1546 15
1354 1511 1410 1546 ἐν·

2 1565 3 1598 ζ
24 1594 29 1604 ,,
53 1565 320 1612 ὑπαρχουσῶν]
346 1563 484 1601 -όντων
533 1564 695 1611 διεσίων]
723 1564 883 1601 διάσεων
946 1568 988 1599 17
1014 1566 1101 1610 post
1126 1565 1299 1605 ὡσαύτως
1324 1565 1410 1599 add.

1 1614 3 1617 ¹
28 1648 30 1650 ,
54 1618 120 1654 καί
139 1618 214 1665 (W)
265 1619 308 1653 22
333 1617 412 1666 καί]
432 1619 497 1654 καὶ
516 1618 613 1654 κατά
633 1618 709 1664 (W)
758 1630 794 1663 p
807 1622 918 1662 204,1
941 1617 1011 1665 δι’]
1033 1629 1104 1653 om
1154 1622 1197 1653 16
1218 1620 1303 1664 post
1324 1630 1410 1664 συμ-

53 1672 184 1717 φώνου
209 1672 294 1707 add.
315 1673 380 1707 καὶ
403 1673 600 1717 διαφώνου
649 1685 686 1718 Ρ.
701 1676 781 1716 206,
798 1675 841 1707 10
867 1673 953 1717 post
978 1671 1212 1718 συνημμένον
1238 1672 1323 1707 add.
1344 1686 1411 1708 κα-

55 1761 236 1807 λούμενον
286 1765 327 1797 11
349 1725 672 1808 πρῶτονᾶξκραφῶν
690 1724 838 1797 vbagzt‘gc
837 1760 1024 1806 τεσσάρων
1078 1765 1120 1796 13
1147 1763 1233 1806 post
1252 1761 1316 1797 δια
1335 1772 1413 1796 τεσ-

53 1814 179 1859 σάρων
205 1815 289 1850 add.
316 1813 483 1860 πέμπτον
507 1815 549 1850 τὸ
575 1815 640 1851 διὰ
665 1821 795 1850 πασῶν
820 1815 884 1849 καὶ
911 1814 976 1850 διὰ
1001 1814 1128 1858 πέντε,
1155 1815 1261 1851 ἕκτον
1286 1815 1327 1850 τὸ
1352 1816 1413 1855 δὶς

27 1872 29 1875 “
55 1867 121 1903 διὰ
139 1874 269 1904 πασῶν
283 1868 360 1914 (W)
411 1872 455 1904 20
475 1868 724 1914 συγκειμένων
737 1868 813 1914 (W)
865 1872 911 1903 24
931 1867 1019 1914 ὑπό]
1041 1867 1116 1904 ἀπό
1165 1880 1201 1914 p.
1217 1872 1299 1913 208,
1312 1872 1333 1904 8
1353 1867 1413 1904 τό-

55 1922 128 1968 νοι]
155 1928 304 1958 τονιαῖα
358 1926 402 1957 14
427 1928 575 1967 πρῶτον
601 1921 678 1970 ἐπί]
704 1921 818 1968 μέσον
842 1928 916 1959 τῶν
940 1921 1062 1958 τόνων
1111 1923 1238 1969 μέσον]
1265 1928 1413 1967 πρῶτον

58 1974 118 2010 ἐπὶ
141 1973 182 2011 τὸ
208 1975 273 2018 ὀξύ
332 1979 375 2011 15
403 1975 493 2023 ἔστι]
522 1975 594 2022 ἔχει
644 1977 732 2010 ante
758 1974 903 2022 γένεσιν
929 1976 1015 2011 add.
1041 1975 1110 2022 τήν
1166 1979 1210 2010 25
1237 1975 1413 2020 τέταρτον

17 2064 19 2067 ,
55 2026 101 2063 δέ
148 2032 191 2063 27
218 2029 606 2076 προσλαμβανομένων
661 2041 697 2074 p.
713 2033 794 2073 210,
811 2034 829 2065 1
857 2029 918 2064 ἐπὶ
943 2030 984 2065 τὸ
1010 2030 1106 2076 βαρὺ
1131 2030 1267 2077 κεῖται]
1294 2041 1364 2064 om.

16 2087 20 2127 ᾗ
58 2080 234 2126 2’τρίτον
260 2103 303 2109 -
330 2082 411 2130 ὀξύ]
443 2094 514 2118 om.
591 2087 634 2117 12
666 2081 758 2130 ἀπό]
791 2082 864 2118 ὑπό
939 2087 983 2118 26
1015 2081 1193 2130 λοκριστί]
1226 2082 1413 2127 λοκρικόν,

117 2213 150 2256 1)
175 2212 233 2247 Ita
252 2213 403 2259 scripsit
420 2213 595 2250 librarius
616 2216 766 2249 secutus
787 2214 953 2251 codicem
964 2215 1024 2259 W,
1045 2215 1111 2250 sed
1131 2212 1324 2250 συνθέτων
1337 2213 1413 2259 (W)

58 2269 126 2303 pro
152 2259 371 2296 ἀσυνθέτων
397 2261 557 2297 scribere
582 2261 759 2307 neglexit.

119 2313 154 2358 2)
180 2312 271 2348 Cum
295 2314 384 2350 Iano
409 2315 448 2350 in
475 2315 661 2360 adparaizu
687 2316 806 2351 omisi.
