1456 2456
552 77 920 113 PROLEGOMENA
1263 75 1416 111 XXXIII

63 189 165 225 sunt:
197 187 259 224 ἐπὶ
285 187 325 223 δὲ
354 192 420 222 τοῦ
448 185 503 233 ιβ’
529 182 774 230 θεωρήματός
799 195 913 230 φησιν
939 183 958 219 ὁ
986 181 1192 228 Εὐκλείδης
1219 183 1298 218 ετοῦ
1325 182 1415 226 μετὰ

0 258 1 262 ’
58 243 127 278 >τὸν
151 239 331 286 καρκίνον
356 237 575 286 ἡμικυκλίου
601 239 643 274 αἱ
668 237 745 273 ἴσαι
770 237 1002 282 περιφέρειαι
1028 237 1068 272 ἐν
1093 234 1238 276 ἀνίσοις
1268 234 1418 282 χρόνοις

0 295 5 318 ¹
63 295 251 338 δύνουσιν,
277 294 342 329 καὶ
366 294 406 329 ἐν
426 293 609 339 μεγίστοις
634 291 674 327 αἱ
693 289 787 336 πρὸς
810 297 893 332 ταῖς
918 295 1105 335 συναφαῖς
1123 296 1197 326 τῶν
1215 295 1416 334 τροπικῶν,

60 349 104 385 ἐν
128 346 331 395 ἐλαχίστοις
361 347 402 382 δὲ
429 346 469 381 αἱ
496 346 592 391 πρὸς
615 348 666 394 τῷ
692 345 909 391 ἰσημερινῷ,
940 345 980 380 ἐν
1007 343 1102 385 ἴσοις
1132 343 1172 379 δὲ
1203 341 1352 390 χρόνοις
1377 342 1417 377 αἱ

65 401 144 438 ἴσον
169 400 372 447 ἀπέχουσαι
397 406 463 436 τοῦ
490 399 736 445 ἰσημερινοῦ’·
764 401 925 444 ζητεῖται
949 397 991 434 δὲ
1011 396 1076 433 διὰ
1098 395 1134 432 τί
1157 397 1243 441 περὶ
1268 395 1335 442 μὲν
1353 402 1419 442 τῆς

62 454 158 491 κατὰ
189 455 329 495 δύσεως
358 454 499 490 τούτων
530 459 605 488 τῶν
629 458 877 497 περιφερειῶν
908 451 1020 497 λέγει,
1050 451 1132 495 περὶ
1167 449 1209 486 δὲ
1233 455 1298 495 τῆς
1325 450 1417 486 ἀνα-

61 510 168 554 τολῆς
193 506 325 543 οὐκέτι.
335 507 359 553 ¹)
396 507 473 542 iam
494 506 696 552 quaeritur,
722 507 806 540 utra
831 505 1046 541 recensione
1065 504 1216 549 Pappus
1241 515 1330 538 usus
1356 503 1415 538 sit.

63 573 106 598 ac
123 561 336 596 memineris
356 560 466 595 velim
479 559 516 605 ²),
541 560 582 595 in
601 559 814 594 recensione
834 569 856 593 a
878 570 983 604 prop.
1000 557 1065 592 XII
1088 558 1134 593 de
1154 567 1307 593 arcuum
1333 558 1417 592 ortu

61 614 156 651 nihil
182 614 446 658 demonstrari,
477 614 517 649 in
542 613 756 649 recensione
782 613 806 647 b
832 623 918 648 vero
945 611 1083 647 diserte
1113 611 1277 654 ostendi,
1310 621 1417 646 arcus

62 669 109 704 ab
141 667 411 712 aequinoctiali
442 667 592 712 aequali
622 666 819 702 intervallo
852 666 1034 701 distantes
1068 664 1219 710 aequali
1249 666 1416 709 tempore

62 721 158 758 oriri.
195 721 282 756 inde
307 721 466 756 forsitan
489 719 679 766 quispiam
700 719 932 762 concluserit,
957 719 1131 764 Pappum
1155 717 1371 754 recensione
1397 728 1419 751 a

63 787 168 810 usum
189 785 279 810 esse.
313 776 352 809 at
370 778 550 820 p.606,12
559 786 640 818 sqq.
660 774 741 819 ipse
761 773 870 808 dicit:
898 771 975 808 ἀλλ’
996 772 1036 808 ἐν
1056 772 1121 819 ἴσῳ
1141 770 1262 819 χρόνῳ
1284 770 1416 816 ἑκάστη

60 835 133 864 τῶν
159 830 249 872 HQ,
273 829 361 871 ΩΟ,
389 829 464 866 ΟΞ
489 827 621 873 ἑκάστῃ
648 833 721 862 τῶν
748 829 839 870 ΒΜ,
865 829 965 871 ΜΝ,
991 827 1073 864 ΝΞ
1096 828 1218 871 (arcus
1243 826 1332 859 sunt
1358 835 1418 859 zo-

61 882 173 927 disci)
198 881 454 925 ἀνατέλλει,
479 881 502 926 ἡ
528 879 594 926 μὲν
615 882 695 915 ΗΩ
720 885 763 927 τῇ
787 883 885 924 ΒΜ,
910 880 933 925 ἡ
960 879 1002 915 δὲ
1022 881 1100 915 ,ΩΟ
1123 885 1167 926 τῇ
1194 881 1300 922 MN,
1326 877 1349 923 ἡ
1377 877 1417 913 δὲ

62 936 137 975 ΞΟ
166 941 210 982 τῇ
243 936 338 973 ΝΞ·
370 940 504 970 τοῦτο
535 933 618 980 γὰρ
654 934 731 969 καὶ
767 934 814 970 ἐν
844 936 901 981 τῷ
934 931 1141 980 στοιχείῳ
1174 931 1417 968 δέδεικται.

61 989 302 1024 manifestum
328 990 386 1024 est
410 988 537 1034 igitur,
567 987 828 1023 illudwae'mov
853 993 926 1023 τῶν
952 992 1200 1032 περιφερειῶν
1227 986 1275 1020 ad
1301 985 1419 1021 solam

61 1042 222 1088 priorem
241 1043 388 1088 partem
407 1041 567 1087 protasis
588 1043 625 1076 et
644 1040 973 1076 demonstrationis
992 1040 1225 1076 referendum
1253 1050 1344 1083 esse,
1370 1039 1418 1074 ad

61 1096 175 1131 verba
192 1108 227 1141 p.
243 1100 299 1139 62,
315 1099 336 1131 9
355 1095 431 1130 hui.
448 1096 504 1131 ed.
527 1095 566 1130 ἐν
593 1094 688 1135 ἴσοις
713 1094 754 1130 δὲ
779 1096 853 1130 κτλ.
880 1105 954 1130 non
974 1095 1078 1130 item.
1116 1093 1283 1129 notanda
1303 1092 1419 1128 etiam

61 1150 119 1184 est
149 1149 417 1194 scripturarum
451 1148 721 1193 discrepantia:
753 1160 789 1193 p.
806 1152 898 1192 62,8
924 1147 1108 1195 ἐλάσσοσι]
1133 1147 1157 1182 b
1189 1148 1228 1182 et
1254 1146 1419 1192 Pappus,

61 1202 233 1239 ἐλάσσονι
257 1213 295 1246 a3
321 1202 386 1238 lin.
399 1206 418 1237 9
440 1202 549 1249 ἴσοις]
570 1203 594 1237 b
615 1206 651 1237 et
670 1201 831 1247 Pappus,
859 1201 924 1249 ἴσῳ
947 1213 978 1237 a.
1016 1202 1147 1246 itaque
1166 1201 1245 1236 veri
1270 1200 1419 1235 similli-

61 1268 164 1291 mum
189 1259 260 1299 est,
293 1256 413 1302 Pappi
446 1256 636 1301 exemplar
661 1255 1006 1291 Phaenomenorum
1034 1254 1211 1290 habuisse
1234 1254 1417 1291 recensio-

62 1321 147 1345 nem
166 1310 201 1345 b.
242 1309 402 1355 denique
423 1310 468 1345 de
490 1321 595 1355 prop.
611 1309 696 1344 XIII
715 1309 864 1354 Pappus
884 1321 918 1354 p.
936 1313 1016 1353 600,
1031 1313 1075 1343 20
1090 1321 1170 1354 sqq.
1195 1308 1289 1344 haec
1309 1308 1417 1343 dicit:

63 1362 198 1408 ὁμοίως
220 1362 261 1398 δὲ
281 1363 346 1398 καὶ
367 1364 447 1399 (τοῦ
467 1363 558 1408 μετὰ
577 1363 643 1399 τὸν
662 1362 860 1408 αἰγόκερώ’
877 1374 993 1408 φησιν
1014 1361 1249 1408 εἡμικυκλίου
1276 1361 1316 1397 αἱ
1341 1361 1420 1397 ἴσαι

62 1415 296 1463 περιφέρειαι
316 1417 356 1453 ἐν
375 1416 518 1457 ἀνίσοις
536 1415 687 1464 χρόνοις
705 1415 983 1460 ἀνατέλλουσιν,
1008 1416 1073 1451 καὶ
1091 1417 1132 1452 ἐν
1150 1415 1334 1456 πλείστοις
1352 1415 1419 1460 μὲν

63 1470 103 1505 αἱ
127 1468 221 1515 πρὸς
244 1476 327 1511 ταῖς
352 1477 557 1515 συναφαῖς,
591 1471 631 1506 ἐν
656 1469 821 1506 ἐλάττοσι
846 1470 887 1505 δὲ
913 1469 953 1504 αἱ
979 1469 1061 1516 ἑξῆς
1089 1470 1241 1513 τούτων,
1271 1469 1313 1505 ἐν
1338 1469 1419 1505 ἐλα-

4 1533 14 1540 “
63 1522 201 1571 χίστοις
226 1523 268 1559 δὲ
294 1523 330 1559 αἱ
357 1524 450 1568 πρὸς
473 1527 524 1571 τῷ
550 1524 760 1571 ἰσημερινῷ,
787 1524 827 1560 ἐν
853 1523 949 1565 ἴσοις
974 1524 1014 1559 δὲ
1041 1523 1080 1558 αἱ
1106 1523 1187 1559 ἴσον
1211 1522 1420 1569 ἀπέχουσαι

62 1583 128 1613 τοῦ
149 1577 392 1622 ἰσημερινοῦ’.
430 1578 515 1622 περὶ
536 1577 577 1613 δὲ
598 1578 737 1619 δύσεως
756 1579 880 1613 αὐτῶν
900 1578 1017 1613 οὐθὲν
1036 1576 1142 1623 λέγει.
1180 1576 1276 1611 illud
1296 1577 1420 1612 αὐτῶν

4 1644 7 1667 5
63 1630 231 1666 dubitari
256 1641 330 1666 non
349 1632 475 1676 potest
494 1631 585 1675 quin
605 1631 655 1666 ad
676 1631 794 1666 solam
819 1626 992 1676 priorem*
1007 1632 1152 1676 spectet
1170 1631 1317 1676 partem
1335 1641 1420 1675 pro-

62 1683 277 1729 positionis,
309 1684 348 1718 in
373 1686 529 1728 utraque
556 1684 655 1719 enim
680 1684 911 1728 recensione,
940 1684 980 1719 in
1006 1695 1029 1719 a
1053 1696 1089 1729 p.
1105 1687 1162 1727 84,
1177 1687 1196 1718 3
1212 1695 1304 1728 sqq.,
1330 1684 1370 1718 in
1397 1682 1419 1718 b

4 1746 13 1787 j·
63 1749 99 1782 p.
112 1741 222 1781 82,16
234 1749 312 1782 sqq.
341 1737 627 1782 demonstratur,
654 1749 760 1773 arcus
781 1737 828 1772 ab
849 1737 1117 1782 aequinoctiali
1136 1737 1286 1782 aequali
1305 1737 1420 1772 inter-

63 1790 162 1826 vallo
182 1791 366 1826 distantes
392 1791 543 1837 aequali
568 1793 738 1837 tempore
764 1791 983 1826 occidere.
1021 1801 1116 1835 quae
1144 1803 1228 1826 cum
1252 1790 1308 1825 ita
1333 1791 1419 1836 sint,

63 1855 138 1879 non
157 1846 215 1879 est
241 1856 306 1879 cur
329 1844 517 1888 miremur,
545 1845 644 1889 quod
664 1845 814 1890 Pappus
834 1846 993 1889 utroque
1017 1844 1099 1880 loco
1119 1844 1232 1880 verba
1257 1844 1420 1890 protasis

63 1900 222 1942 p.62‚10
243 1899 281 1933 et
301 1901 356 1944 78,
372 1902 392 1932 3
418 1899 483 1933 καὶ
504 1898 659 1934 δύνουσι
682 1899 744 1933 καὶ
766 1897 1028 1934 ἀνατέλλουσιν
1048 1898 1191 1941 omisit,
1218 1908 1262 1933 ea
1283 1899 1419 1941 autem,

65 1952 160 1995 quae
187 1962 271 1986 cum
297 1962 340 1987 eo
367 1951 468 1997 apud
494 1951 688 1987 Euclidem
715 1951 981 1995 desideramus,
1007 1964 1043 1997 p.
1059 1956 1140 1996 626,
1155 1956 1197 1987 11
1211 1963 1290 1996 sqq.
1314 1962 1421 1997 prae-

64 2004 177 2040 misso
196 2004 309 2040 titulo
331 2006 411 2041 ‘nal
429 2003 470 2042 τὸ
490 2004 754 2051 παραλειφθὲν
779 2005 820 2041 δὲ
847 2005 900 2047 εἰς
924 2006 965 2041 τὸ
986 2005 1041 2053 ιβ’
1061 2006 1125 2041 καὶ
1146 2005 1214 2051 ιγ”
1236 2004 1419 2040 adiunxit.

65 2057 105 2092 in
134 2058 449 2094 demonstratione
480 2071 585 2105 prop.
606 2058 690 2093 XIII
721 2071 756 2104 p.
774 2062 854 2103 630,
870 2063 913 2094 10
928 2071 1008 2104 sqq.
1042 2059 1166 2094 adfert
1192 2059 1420 2094 Phaenome-

65 2121 196 2146 norum
220 2123 324 2157 prop.
345 2111 395 2146 XI
427 2114 540 2157 atque
572 2112 631 2147 his
658 2111 811 2157 quidem
835 2112 976 2149 verbis:
1009 2113 1072 2147 καὶ
1099 2113 1177 2148 ἐπεὶ
1204 2111 1269 2147 διὰ
1293 2112 1335 2148 τὸ
1363 2110 1417 2147 ια’

126 2231 160 2275 1)
187 2229 260 2265 Cfr.
286 2230 452 2277 Heiberg
475 2230 499 2266 l.
521 2242 551 2266 c.
577 2244 613 2277 p.
630 2235 675 2266 48
690 2243 762 2276 sq.;
795 2231 974 2276 Bjornbo,
1005 2231 1142 2268 Abhdl.
1170 2243 1198 2266 Ζ.
1224 2230 1356 2266 Gesch.
1384 2230 1420 2265 d.

66 2276 367 2314 mathemwiss.
390 2282 434 2313 14
458 2280 578 2324 (1902)
603 2291 641 2324 p.
657 2282 701 2314 70
715 2290 795 2323 sqq.

129 2325 164 2369 2)
188 2324 231 2360 V.
257 2337 293 2370 p.
315 2326 424 2360 XXII.

138 2390 192 2416 Eu
199 2398 215 2416 c
222 2391 234 2416 l
241 2391 252 2416 i
260 2391 279 2416 d
288 2398 304 2417 ο
311 2399 324 2417 s
332 2411 339 2423 ,
361 2392 428 2418 edd.
443 2393 579 2426 Heiberg
598 2396 627 2419 et
646 2393 764 2425 Menge.
785 2392 873 2418 VIIL
1187 2396 1206 2419 C
