1494 2450
155 75 211 116 82
657 76 962 110 ΦΑΙΝΟΜΕΝΑ

154 182 215 230 εἰς
239 182 291 222 τὰ
317 181 485 222 δώδεκα
511 185 596 235 ἴσα,
621 182 692 223 καὶ
718 182 925 237 φανερόν,
957 181 1022 223 ὅτι
1049 182 1093 223 αἱ
1118 185 1160 224 A
1168 181 1220 236 Ξ,
1247 181 1347 231 ΞΟ,
1374 184 1494 236 08,ξ

157 247 266 299 ΘΠ,
300 246 405 300 ΠΡ,
437 247 520 287 ΡΓ
551 252 644 295 ταῖς
681 247 785 299 ΓΚ,
816 247 924 299 ΚΛ,
957 248 1068 299 ΛΗ,
1099 247 1220 299 ΗΜ,
1244 248 1366 296 ΜΝ,
1390 247 1494 293 ΝΑ·

157 313 246 351 ἴσαι
282 308 332 351 τέ
364 310 448 351 εἰσι
484 309 555 351 καὶ
592 309 864 352 ἀπεναντίον.
910 309 982 351 καὶ
1018 308 1110 351 ἐπεὶ
1146 315 1225 351 τοῦ
1261 310 1365 364 μετὰ
1399 309 1494 357 τὸν,

155 375 379 424 Καρκίνον
413 373 672 428 ἡμικυκλίου
707 374 752 415 αἱ
787 378 876 415 ἴσαι
908 373 1178 430 περιφέρειαι
1211 372 1290 415 οὐκ
1321 373 1368 415 ἐν
1398 377 1474 432 ἴσῳ

109 445 129 475 6
155 438 296 493 χρόνῳ
333 436 565 492 δύνουσιν,
602 435 694 480 ἀλλ’
725 436 774 480 ἐν
809 438 1024 487 πλείστοις
1056 436 1137 492 μὲν
1171 438 1215 479 αἱ
1249 438 1356 493 πρὸς
1387 444 1494 488 toas:

157 508 376 555 συναφαῖς
406 508 494 543 τῶν
523 509 757 557 τροπικῶν,
797 500 845 543 ἐν
875 501 1079 544 ἐλάσσονι
1110 500 1157 543 δὲ
1189 502 1232 543 αἱ
1265 500 1358 555 ἑξῆς
1381 501 1494 545 τού-ν

155 580 265 619 των,
313 563 362 606 ἐν
411 564 651 620 ἐλαχίστοις
700 563 748 607 δὲ
797 567 842 607 αἱ
890 566 997 620 πρὸς
1038 570 1096 623 τῷ
1135 568 1384 623 ἰσημερινῷ,
1431 564 1477 610 ἐν

158 633 236 686 ἴσῳ
281 627 328 671 δὲ
365 630 409 671 αἱ
447 630 546 671 ἴσον
582 629 818 685 ἀπέχουσαι
854 636 933 672 τοῦ
971 632 1244 686 ίσημερινοῦ,
1287 629 1334 672 ἐν
1369 630 1478 672 πλεί-

157 704 242 750 στῳ
291 690 372 748 μὲν
419 694 504 747 ἄρα
546 694 590 735 αἱ
634 693 741 748 ΑΞ,
783 696 867 736 ΡΓ
903 694 1139 748 δύνουσιν,
1190 692 1237 736 ἐν
1279 693 1478 736 ἐλάσσονι

89 763 131 794 10
158 755 205 799 δὲ
237 757 285 799 αἱ
313 756 415 807 ΞΟ,
441 760 544 811 ΠΡ,
580 757 628 800 ἐν
659 757 866 817 ἐλαχίστῳ
898 755 946 799 δὲ
977 759 1021 800 αἱ
1054 760 1158 807 ΟΘ,
1186 760 1294 807 ΟΠ,
1325 755 1372 799 ἐν
1403 761 1478 815 ἴσῳ

157 819 205 862 δὲ
237 821 262 875 ἡ
293 818 374 874 μὲν
399 821 493 869 ΑΞ
519 829 570 877 τῇ
597 824 687 876 ΡΓ,
724 821 750 876 ἡ
783 820 831 864 δὲ
856 821 938 870 ΞΟ
969 828 1018 877 τῇ
1046 824 1149 876 ΠΡ,
1185 822 1212 875 ἡ
1244 819 1292 863 δὲ
1319 823 1401 862 ΟΘ
1429 825 1478 877 τῇ

160 888 259 927 ΘΠ.
304 883 396 927 ἀλλ’
429 884 476 927 ἐν
508 881 542 942 ᾤ
573 887 617 927 αι
642 885 746 940 ΛΞ,
773 886 874 941 ΞΟ,
902 889 1004 940 οΘ,
1033 889 1140 940 ΘΠ,
1167 888 1270 939 ΠΡ,
1297 887 1380 927 ΡΓ
1406 885 1480 927 δύ.

158 961 330 999 νουσιν,
368 947 416 991 ἐν
451 950 590 1006 τούτῳ
629 951 678 992 αἱ
712 952 814 1004 ΓΚ,
839 953 941 1005 ΚΛ,
966 952 1078 1000 ΛΗ,
1103 952 1223 999 ΗΜ,
1249 951 1371 999 ΜΝ,
1395 949 1480 993 ΝΑ

159 1013 481 1056 ἀνατέλλουσιν.
515 1014 561 1056 ἐν
585 1017 770 1056 πλείστῳ
797 1015 880 1069 ἄρα
905 1016 1045 1069 χρόνω
1071 1015 1114 1056 αἱ
1141 1015 1244 1066 ΓΚ,
1269 1016 1358 1055 NA
1383 1013 1481 1055 ἀνα·

216 1092 308 1132 ἔστω
340 1092 413 1145 γὰρ
444 1092 485 1132 τὸ
517 1093 609 1143 μετὰ
639 1093 706 1133 τὸν
730 1094 931 1146 Καρκίνον
960 1091 1189 1144 ἡμικύκλιον
1220 1091 1316 1144 ὑπὲρ
1348 1098 1418 1144 γῆς
1441 1090 1481 1132 τὸ

158 1152 270 1190 ΒΘΔ
301 1150 366 1190 καὶ
391 1150 595 1206 διῃρήσθω
621 1150 779 1203 ἑκατέρα
802 1158 879 1191 τῶν
903 1154 992 1202 ΒΘ,
1021 1152 1090 1190 ΘΔ
1114 1151 1168 1198 εἰς
1191 1151 1277 1203 τρία
1303 1150 1365 1189 ἴσα
1388 1148 1482 1190 κατὰ

86 1208 90 1213 ’
158 1209 203 1247 τὰ
233 1211 284 1260 Ο,
310 1210 370 1259 Π,
397 1211 442 1260 P,
467 1212 514 1247 Σ.
551 1208 632 1248 ἐπεὶ
663 1209 704 1249 ἐν
734 1210 884 1249 πλείονι
907 1209 1030 1264 χρόνῳ
1055 1207 1079 1260 ἡ
1105 1211 1183 1248 ΒΟ
1207 1208 1316 1247 δύνει
1339 1207 1436 1260 ἤπερ
1461 1204 1481 1247 ὅ

164 1269 263 1318 ΟΠ,
295 1263 377 1306 ἀλλ’
400 1266 441 1306 ἐν
467 1260 496 1323 ᾡ
519 1266 588 1318 μὲν
612 1267 736 1323 χρόνῳ
760 1266 784 1319 ἡ
809 1270 886 1307 ΒΟ
910 1268 1028 1318 δύνει,
1054 1265 1078 1317 ἡ
1105 1269 1190 1307 AN
1212 1266 1416 1316 ἀνατέλλει,
1440 1265 1481 1306 ἐν

115 1331 134 1360 ὅ
160 1319 190 1381 ᾡ
219 1324 260 1364 δὲ
285 1324 408 1397 χρόνῳ
434 1323 459 1376 ἡ
490 1327 575 1364 ΟΠ
600 1325 721 1372 δύνει
752 1324 776 1376 ἡ
802 1328 905 1365 MN
931 1324 1135 1377 ἀνατέλλει,
1166 1324 1207 1365 ἐν
1238 1326 1386 1364 πλείονι
1411 1322 1483 1375 ἄρα

159 1383 283 1438 χρόνῳ
315 1380 339 1433 ἡ
366 1385 444 1422 NA
474 1383 667 1424 ἀνατέλλει
696 1382 794 1436 ήπερ
820 1382 844 1435 ἡ
871 1375 978 1423 NM.
1020 1384 1151 1434 πάλιν,
1181 1381 1307 1423 §ml‘
1286 1399 1310 1433 η
1340 1385 1425 1422 ΟΠ
1443 1381 1483 1423 ἓν

159 1442 307 1481 πλείονι
331 1440 454 1495 χρόνῳ
480 1441 628 1481 δύνει’
612 1441 709 1495 ήπερ
735 1440 758 1492 ἡ
779 1444 870 1500 ΠΘ,
895 1439 975 1481 ἀλλ’
998 1442 1039 1481 ἐν
1070 1442 1099 1497 ᾡ
1125 1440 1195 1493 μὲν
1220 1442 1343 1496 χρόνῳ
1364 1438 1387 1491 ἡ
1412 1439 1488 1481 ΟΠ

161 1499 282 1545 δύνει,
307 1496 332 1549 ἡ
359 1501 455 1538 ΝΜ
475 1499 680 1551 ἀνατέλλει,
711 1500 753 1540 ἐν
777 1494 807 1539 ὧ
829 1499 869 1539 δὲ
895 1500 1017 1555 χρόνῳ
1043 1498 1068 1550 ἡ
1095 1501 1173 1539 ΠΘ
1199 1501 1319 1551 δύνει,
1344 1496 1368 1549 ἡ
1395 1497 1487 1538 ΗΜ

161 1556 366 1610 ἀνατέλλει,
391 1556 432 1597 ἐν
456 1558 637 1597 πλείονι’
622 1557 697 1631 ἄρα
715 1558 838 1614 χρόνῳ
859 1556 882 1609 ἡ
903 1561 999 1597 ΝΜ
1013 1557 1206 1598 ἀνατέλλει
1224 1557 1320 1610 ἤπερ
1339 1555 1362 1607 ἡ
1383 1557 1485 1596 ΜΗ.

94 1620 136 1651 10
162 1615 228 1655 διὰ
261 1615 307 1655 τὰ
340 1615 436 1655 αὐτὰ
471 1615 520 1667 δὴ
551 1616 617 1656 καὶ
648 1615 672 1668 ἡ
704 1615 774 1668 μὲν
804 1619 880 1656 ΒΚ
912 1622 980 1668 τῆς
1004 1619 1082 1655 ΚΛ
1114 1616 1155 1656 ἐν
1185 1616 1333 1655 πλείονι
1362 1614 1485 1670 χρόνῳ

161 1673 372 1725 ἀνατέλλει,
402 1672 426 1724 ἡ
459 1673 500 1714 δὲ
525 1677 603 1714 ΚΛ
633 1681 701 1727 τῆς
727 1677 824 1714 ΛΗ.
867 1674 932 1715 καὶ
963 1674 1044 1714 ἐπεὶ
1074 1674 1116 1714 έν
1147 1668 1177 1730 ᾡ
1205 1674 1327 1729 χρόνῳ
1353 1672 1377 1723 ἡ
1404 1675 1448 1711 H
1454 1673 1487 1712 Θ

162 1733 284 1782 δύνει,
309 1731 351 1771 ἓν
376 1733 496 1772 τούτω
521 1732 587 1773 καὶ
611 1731 634 1784 ἡ
660 1735 735 1784 ΘΡ,
760 1729 843 1772 ἀλλ’
860 1733 901 1773 ἐν
922 1726 951 1788 ᾧ
972 1731 1042 1784 μὲν
1062 1749 1085 1783 η
1109 1734 1184 1771 ΠΘ
1204 1733 1323 1780 δύνει,
1349 1729 1372 1782 ἡ
1394 1730 1489 1770 ΜΗ

162 1789 368 1842 ἀνατέλλει,
398 1775 488 1830 ἐν
464 1805 494 1846 ῳ
516 1789 556 1830 δὲ
581 1791 704 1846 χρόνῳ
730 1789 754 1842 ἡ
784 1792 858 1831 ΘΡ
877 1792 999 1842 δύνει,
1030 1789 1054 1842 ἡ
1081 1793 1163 1830 ΗΛ
1187 1789 1392 1836 ἀνατέλλει,
1422 1786 1490 1829 nal

163 1847 186 1899 ἡ
214 1851 307 1887 ΜΗ
331 1848 406 1901 ἄρα
430 1855 474 1902 τῇ
503 1852 584 1888 HA
608 1849 649 1889 ἕν
675 1850 743 1905 ἴσῳ
757 1850 894 1922 χρόνῳ
919 1848 1124 1889 ἀνατέλλει.
1155 1849 1220 1888 διὰ
1243 1848 1290 1888 τὰ
1315 1846 1412 1888 αὐτὰ
1436 1844 1486 1904 δῆ

96 1912 137 1941 15
163 1906 228 1946 καὶ
254 1905 277 1957 ἡ
304 1905 374 1958 μὲν
398 1910 477 1946 ΚΛ
501 1915 547 1963 τῇ
573 1910 670 1947 MN
690 1908 768 1947 ἐν’
757 1908 826 1957 ι’σῳ
851 1908 975 1960 χρόνῳ
1001 1906 1205 1957 ἀνατέλλει,
1230 1922 1253 1957 η
1281 1906 1322 1945 δὲ
1347 1907 1417 1944 ΒΚ
1440 1901 1486 1959 τῇ

165 1966 258 2004 AN.
289 1965 420 2012 πάλιν,
445 1964 525 2005 ἐπεὶ
550 1964 591 2004 ἐν
616 1959 646 2021 ᾧ
671 1965 795 2022 χρόνῳ
820 1964 845 2016 ἡ
871 1967 949 2006 ΠΘ
973 1964 1176 2015 ἀνατέλλει,
1209 1963 1250 2004 ἐν
1274 1965 1396 2014 τούτῳ
1421 1960 1486 2003 καὶ

164 2019 187 2074 ἡ
217 2025 299 2093 ΘΡ,
329 2020 409 2062 ἀλλ’
432 2022 475 2062 ἐν
506 2039 535 2094 ῳ
558 2022 627 2075 μὲν
650 2008 819 2079 χρόνῳ’
799 2040 824 2076 η
850 2026 894 2063 Π
900 2026 933 2063 Θ
958 2023 1167 2074 ἀνατέλλει,
1199 2021 1223 2074 ἡ
1252 2023 1348 2061 ΜΗ
1367 2007 1487 2072 δύνει,

164 2079 205 2120 έν
231 2073 260 2135 ᾧ
286 2080 327 2119 δὲ
351 2065 521 2153 χρόνῳ
501 2098 525 2132 η
556 2082 628 2121 ΘΡ
647 2078 897 2133 ἀνατέλλει,“
877 2099 900 2133 η
927 2084 1009 2121 ΗΛ
1035 2082 1154 2132 δύνει,
1179 2078 1202 2132 ἡ
1229 2084 1269 2119 Λ
1279 2080 1358 2119 Η
1343 2079 1417 2133 ἀρα
1441 2080 1489 2135 τῇ

165 2121 261 2178 ΗΜ
281 2137 323 2178 ἐν
349 2139 417 2194 ι’σῳ
442 2139 566 2194 χρόνῳ
593 2140 712 2180 δύνει.
751 2140 814 2180 διὰ
839 2139 885 2179 τὰ
909 2140 1007 2180 αὐτὰ
1032 2139 1081 2191 δὴ
1106 2136 1216 2180 nal‘
1195 2155 1220 2191 η
1246 2137 1316 2190 μὲν
1343 2140 1419 2177 ΚΛ
1443 2140 1491 2192 τῇ

95 2200 139 2232 20
165 2199 267 2236 MN
288 2196 329 2236 ἐν
354 2197 422 2253 ἴσῳ
447 2198 571 2252 χρόνῳ
597 2199 716 2250 δύνει,
741 2196 766 2250 ἡ
792 2197 834 2238 δὲ
858 2201 934 2238 ΒΚ
959 2204 1003 2252 τῇ
1030 2199 1123 2237 ΔΝ.

223 2271 257 2297 ιι.
286 2267 315 2298 1.
335 2256 788 2308 τά]τό(οοιιιρ.)ιῖιιρι·αιιι.
806 2264 880 2299 1V.
931 2268 962 2298 2.
982 2265 1243 2322 KAJAecorr.
1258 2262 1300 2297 V.
1348 2265 1380 2296 8
1399 2249 1494 2307 ἐπεί]

166 2307 267 2344 enta
351 2314 382 2343 6.
409 2309 562 2346 δύνουσι
587 2310 636 2354 V·
661 2310 749 2346 item
774 2310 836 2345 lin
860 2314 912 2345 12.
982 2315 1012 2345 9
1039 2309 1227 2354 ὃύνουσιν]
1253 2309 1430 2345 &naevum
1455 2316 1494 2343 a.
