1494 2450
564 100 867 138 FRAGMENTA
1307 98 1395 140 275

37 219 121 259 ΕΒ
131 249 143 271 ‚
177 216 226 258 τὸ
255 217 297 257 Γ
320 209 619 269 μετεωρισθὲν
649 211 818 266 γίνεται
848 210 960 263 πρὸς
990 207 1116 251 θέσει
1149 206 1395 264 ἐπιφανείᾳ.

38 288 168 326 τοῦτο
195 278 243 324 δὲ
268 279 461 335 ἐδείχθη.

98 347 149 402 β’.
176 345 283 390 Ἐὰν
307 341 335 401 ᾗ
360 343 484 387 θέσει
511 342 667 385 εὐθεῖα
690 341 718 395 ἡ
745 344 785 382 A
793 343 831 383 Β
856 338 930 383 καὶ
956 336 1098 382 δοθὲν
1123 339 1171 381 τὸ
1200 340 1242 380 Γ
1262 337 1312 381 ἐν
1335 339 1396 396 τῷ

419 409 537 466 αὐτῷ
574 406 790 464 ἐπιπέδῳ,
825 405 898 450 καὶ
930 406 1097 460 διαχθῇ
1130 404 1156 459 ἡ
1183 405 1287 459 ΔΓ,
1323 402 1396 447 καὶ

418 474 536 530 παρὰ
559 472 685 515 θέσει
711 472 827 528 ἀχθῇ
853 472 880 527 ἡ
906 473 1004 525 ΔΕ,
1037 472 1168 524 λόγος
1194 464 1296 527 δεῇ
1321 475 1398 524 τῆς

418 541 462 582 Γ
456 543 500 582 Δ
523 539 636 594 πρὸς
653 540 748 591 ΔΕ,
771 537 822 579 τὸ
842 540 886 578 Δ
911 537 1090 578 ἅπτεται
1115 534 1242 577 θέσει
1266 550 1398 578 κωνι-

417 611 495 659 κῆς
525 610 682 659 τομῆς·
726 603 953 645 δείκνυται
985 600 1053 654 δέ,
1086 601 1153 643 ὅτι
1184 606 1397 656 γραμμῆς.

419 671 702 726 δειχθήσεται
727 665 776 711 δὲ
802 667 943 718 οὕτως
967 665 1304 722 προγραφέντος
1327 667 1398 708 τό-

416 751 504 779 που
530 735 683 778 τοῦδε·

478 801 576 843 Δύο
609 798 839 842 δοθέντων
869 805 960 840 τῶν
985 802 1047 851 A,
1073 800 1109 839 Β
1147 798 1219 840 καὶ
1257 797 1398 853 ὀρθῆς

42 884 69 916 B
350 885 385 919 Γ
419 872 495 922 τῆς
522 868 603 908 ΓΛ
640 866 768 920 λόγος
798 862 908 906 ἔστω
939 869 1020 906 τοῦ
1053 863 1138 905 ἀπὸ
1166 866 1254 905 ΑΔ
1287 863 1398 917 πρὸς

396 933 447 974 τὰ
474 932 559 974 ἀπὸ
581 933 678 985 ΓΔ,
698 933 795 972 ΑΒ.
840 928 968 984 λέγω,
993 929 1059 971 ὅτι
1085 929 1134 970 τὸ
1158 930 1200 971 Γ
1217 929 1397 971 ἅπτεται

39 997 186 1039 κώνου
210 1004 358 1053 τομῆς,
384 997 463 1041 ἐάν
487 1012 534 1040 τε
558 992 586 1053 ᾗ
612 996 635 1039 ὁ
663 997 792 1051 λόγος
820 999 914 1045 ἴσος
938 995 1048 1050 πρὸς
1074 993 1175 1036 ἴσον
1193 993 1220 1048 ἢ
1239 996 1398 1049 μείζων

39 1063 150 1115 πρὸς
174 1061 391 1105 ἐλάσσονα
416 1061 442 1117 ἢ
470 1062 670 1104 ἐλάσσων
694 1061 806 1116 πρὸς
831 1061 1020 1116 μείζονα.

622 1136 732 1180 ἔστω
759 1139 843 1193 γὰρ
868 1139 1088 1192 πρότερον
1108 1137 1132 1180 ὁ
1154 1138 1284 1191 λόγος
1304 1136 1398 1187 ἴσος

563 1204 672 1258 πρὸς
698 1203 809 1246 ἴσον.
853 1202 926 1245 καὶ
954 1200 1048 1245 ἐπεὶ
1078 1206 1174 1245 ἴσον
1201 1200 1322 1244 ἐστὶν
1346 1202 1397 1244 τὸ

564 1269 648 1311 ἀπὸ
670 1272 757 1311 ΑΔ
776 1275 868 1318 τοῖς
887 1267 972 1310 ἀπὸ
995 1269 1037 1310 Γ
1032 1271 1090 1322 Δ,
1111 1270 1208 1321 ΛΒ,
1230 1268 1396 1310 κείσθω

39 453 67 483 A

52 706 87 740 E

562 1341 612 1391 τῇ
640 1337 724 1377 ΒΛ
756 1334 828 1389 ἴση
853 1333 881 1389 ἡ
907 1335 1020 1375 ΛΕ·
1063 1333 1164 1376 ἴσον
1195 1334 1279 1389 ἄρα
1306 1332 1398 1375 ἐστὶ

560 1401 610 1443 τὸ
630 1400 716 1442 ὑπὸ
731 1402 857 1442 ΒΑΕ
866 1403 926 1455 τῷ
939 1398 1025 1441 ἀπὸ
1041 1400 1132 1440 ΔΓ.
1165 1399 1397 1454 τετμήσθω

561 1466 661 1521 δίχα
687 1465 713 1519 ἡ
736 1467 815 1506 AB
840 1469 900 1522 τῷ
918 1467 953 1506 Ζ
969 1476 979 1486 ·
1012 1463 1152 1506 δοθὲν
1172 1464 1256 1517 ἄρα
1275 1463 1324 1506 τὸ
1348 1465 1398 1505 Ζ.

561 1529 633 1573 καὶ
671 1528 794 1573 ἔσται
830 1530 962 1584 διπλῆ
997 1528 1024 1584 ἡ
1058 1532 1148 1572 ΑΕ
1181 1535 1258 1584 τῆς
1295 1531 1399 1571 ΖΔ·

42 1620 74 1650 A
287 1619 313 1651 Z
357 1620 391 1652 A
488 1620 516 1653 B
560 1595 670 1638 ὥστε
695 1596 744 1637 τὸ
764 1595 852 1637 ὑπὸ
873 1597 998 1637 ΒΑΕ
1014 1595 1064 1637 τὸ
1085 1594 1293 1645 δίςιέστιν
1311 1593 1400 1637 ὑπὸ

491 1677 495 1680 “
561 1668 652 1703 τῶν
678 1663 784 1716 ΑΒ,
813 1662 904 1702 ΖΔ.
955 1660 1031 1702 καί
1061 1659 1182 1702 ἐστιν
1213 1659 1239 1714 ἡ
1266 1660 1399 1714 διπλῆ

41 1730 116 1778 τῆς
135 1727 215 1766 AB
241 1725 447 1768 δοθεῖσα·
479 1727 529 1769 τὸ
557 1727 644 1782 ἄρα
669 1726 756 1768 ὑπὸ
777 1726 987 1781 δοθείσης
1005 1725 1079 1767 καὶ
1099 1731 1175 1780 τῆς
1197 1727 1279 1767 ΖΛ
1300 1729 1400 1768 ἴσον

41 1787 163 1831 ἐστὶν
192 1794 253 1847 τῷ
285 1789 370 1833 ἀπὸ
395 1796 472 1846 τῆς
496 1793 597 1834 ΛΓ.
645 1793 695 1834 τὸ
723 1793 765 1833 Γ
790 1792 875 1847 ἄρα
907 1792 1086 1833 ἅπτεται
1115 1789 1237 1833 θέσει
1261 1805 1400 1846 παρα-

40 1855 174 1909 βολῆς
199 1853 435 1911 ἐρχομένης
461 1857 537 1899 διὰ
563 1862 643 1899 τοῦ
674 1859 720 1899 Ζ.

100 1922 419 1976 συντεθήσεται
445 1923 500 1977 δὴ
526 1921 550 1965 ὁ
575 1923 710 1972 τόπος
735 1922 899 1972 οὕτως·

100 1984 211 2028 ἔστω
242 1987 296 2028 τὰ
326 1986 520 2029 δοθέντα
546 1992 610 2042 A,
636 1990 692 2042 B,
731 1987 754 2030 ὁ
788 1985 836 2030 δὲ
868 1990 999 2042 λόγος
1029 1984 1141 2029 ἔστω
1174 1986 1268 2037 ἴσος
1291 1987 1402 2041 πρὸς

107 2143 137 2174 1.
165 2138 383 2200 ἐπιφανείᾳ]
409 2140 571 2176 Hultseh
596 2141 636 2176 in
661 2141 798 2185 indice,
824 2139 1048 2184 ἐπιφανείας
1073 2140 1153 2175 cod.
1239 2139 1270 2174 5.
1296 2139 1401 2183 παρὰ

42 2187 163 2234 θέσει]
185 2185 279 2231 πρὸς
309 2177 434 2231 ὀρθὰς
457 2187 628 2224 Hultsch.
817 2191 848 2224 7.
874 2186 1080 2247 δείκνυται]
1108 2186 1275 2223 δεικτέον
1301 2198 1399 2231 susp.

43 2234 211 2270 Hultsch.
308 2236 494 2294 γραμμῆς]
521 2242 690 2291 γραμμῆς
714 2235 825 2294 μέρος
848 2242 951 2271 ποιεῖ
971 2233 1039 2271 τὸν
1062 2235 1179 2271 τόπον
1205 2234 1401 2278 Grex-hanff,

42 2281 214 2316 Hultsch.
303 2285 336 2317 8.
361 2281 661 2329 τόπου],,11111110
686 2289 752 2319 τοῦ
777 2282 986 2329 λήμματος“
1012 2282 1184 2318 Hultsch.
1284 2285 1340 2316 10.
1368 2281 1400 2327 γ’

43 2329 256 2374 praeposuit
279 2329 441 2366 Hultsoh
468 2342 553 2365 eum
579 2330 980 2376 8111ε.21.ἔσται]
1008 2330 1106 2366 ἔστιν
1132 2329 1291 2365 Hultsch
1317 2341 1402 2364 cum

44 2376 323 2412 Commandino.
424 2381 480 2413 27.
508 2378 543 2414 δ’
570 2377 654 2413 add.
682 2377 854 2420 HuRsch,
882 2377 958 2413 alii.

1425 801 1468 833 10

1425 1141 1468 1172 15

1425 1469 1471 1500 20

1425 1794 1471 1826 25
