1494 2450
41 867 84 898 10

38 1326 81 1357 15

36 1646 81 1677 20

36 1966 80 1997 25

112 42 199 83 264
628 43 927 80 FRAGMENTA

111 147 158 190 τὸ
185 150 268 204 ἄρα
293 149 363 199 δίς
386 148 471 192 ὑπὸ
499 152 617 192 ΑΓΒ
644 154 741 193 ἴσον
765 149 885 193 ἐστὶν
908 157 968 207 τῷ
992 167 1038 193 τε
1062 150 1145 194 ἀπὸ
1170 159 1245 207 τῆς
1265 155 1343 196 ΓΔ
1366 153 1460 198 καὶ

111 218 169 269 τῷ
190 213 257 262 δὶς
280 213 365 256 ὑπὸ
390 220 478 256 τῶν
498 216 631 256 ΛΓΔ.
680 214 832 256 κοινὸν
855 217 1133 270 προσκείσθω
1159 216 1206 258 τὸ
1232 216 1315 259 ἀπὸ
1337 219 1434 260 ΑΓ·
1456 214 1464 244 1

110 276 158 318 τὸ
184 277 267 332 ἄρα
293 278 360 327 δὶς
383 276 469 320 ὑπὸ
495 279 627 319 ΑΓΒ
658 279 763 333 μετὰ
793 285 872 321 τοῦ
897 278 979 321 ἀπὸ
1006 285 1046 321 A
1055 282 1096 322 Γ
1124 284 1219 322 ἴσον
1244 280 1361 323 ἐστὶν
1384 286 1441 338 τῷ

407 358 434 427 A*
702 359 736 428 1¹„
990 360 1023 429 ἐι
1112 361 1139 430 1¹2

110 474 193 516 ἀπὸ
220 479 315 516 ΑΔ.
363 475 516 518 κοινὸν
538 478 814 531 προσκείσθω
839 476 888 520 τὸ
913 476 996 519 ἀπὸ
1022 480 1119 520 ΒΓ·
1151 479 1257 521 ὅλον
1281 479 1364 533 ἄρα
1386 480 1434 522 τὸ

112 534 194 580 ἀπὸ
220 542 300 580 AB
330 540 602 593 τετράγωνον
634 545 732 583 ἴσον
762 540 852 583 ἐστὶ
884 548 973 591 τοῖς
1003 541 1087 584 ἀπὸ
1113 549 1200 584 τῶν
1225 546 1329 596 ΑΔ,
1357 545 1433 585 ΓΒ
1470 493 1494 615 ξ

110 604 408 656 τετραγώνοις.
1471 617 1494 661 J}

167 666 237 708 κε’.
268 665 408 710 ’Ἑστω
438 667 487 710 τὸ
519 667 604 710 ὑπὸ
635 676 722 711 τῶν
748 671 883 711 ΑΒΓ
908 669 1005 711 ἴσον
1035 675 1093 726 τῷ
1120 668 1202 712 ἀπὸ
1234 676 1309 724 τῆς
1333 673 1434 712 ΒΔ·
1479 662 1494 727 ἶ

110 731 177 773 ὅτι
201 733 366 784 γίνεται
391 731 438 786 γ,
475 732 523 774 τὸ
555 733 635 787 μὲν
665 732 749 775 ὑπὸ
776 739 852 787 τῆς
875 740 963 775 τῶν
988 738 1090 787 ΑΔ,
1115 738 1157 775 A
1166 735 1207 775 Γ
1225 734 1436 789 ὑπεροχῆς
1482 731 1494 762 f

109 794 181 836 καὶ
206 801 280 849 τῆς
304 799 384 837 BA
410 800 508 838 ἴσον
532 802 590 853 τῷ
609 796 695 838 ὑπὸ
716 800 850 851 ΑΔΓ,
874 795 917 838 τὸ
945 795 993 839 δὲ
1012 797 1095 839 ὑπὸ
1115 803 1189 851 τῆς
1208 805 1296 839 τῶν
1313 799 1442 840 ΑΔΓ

109 859 323 914 ὑπεροχῆς
347 860 421 902 καὶ
445 866 518 914 τῆς
545 862 632 902 ΒΓ
651 865 749 903 ἴσον
774 867 831 918 τῷ
851 860 934 903 ἀπὸ
960 868 1035 915 τῆς
1059 865 1102 902 A
1111 864 1152 903 Γ
1170 863 1436 919 τετραγώνῳ,

108 922 156 964 τὸ
183 919 231 965 δὲ
255 922 341 965 ὑπὸ
367 930 441 978 τῆς
466 931 554 966 τῶν
573 927 670 978 ΑΔ,
697 927 783 966 ΔΓ
801 925 1015 980 ὑπεροχῆς
1040 924 1110 967 καὶ
1136 931 1210 979 τῆς
1235 929 1315 967 BA
1341 926 1436 968 ἴσον
1492 940 1494 944 ’

107 991 166 1043 τῷ
187 985 271 1028 ἀπὸ
295 994 371 1042 τῆς
396 992 481 1030 ΑΔ
505 989 768 1045 τετραγώνῳ.

647 1068 766 1102 [—1

469 1086 502 1137 A‘
619 1107 652 1138 A
742 1106 776 1138 Γ
1039 1083 1066 1138 ὲ

167 1183 257 1226 ἐπεὶ
282 1185 363 1240 γάρ
390 1185 520 1240 ἐστιν,
552 1187 609 1236 ὡς
633 1187 659 1240 ἡ
680 1190 759 1228 AB
783 1185 892 1242 πρὸς
917 1188 996 1241 τὴν
1021 1190 1116 1242 ΒΔ,
1142 1187 1279 1237 οὕτως
1303 1187 1328 1240 ἡ
1354 1189 1435 1228 BA

107 1248 217 1301 πρὸς
246 1249 326 1303 τὴν
350 1252 445 1304 ΒΓ,
483 1252 611 1305 λοιπὴ
642 1249 749 1304 πρὸς
780 1253 938 1306 λοιπὴν
967 1252 1038 1293 καὶ
1064 1251 1274 1293 διελόντι·
1316 1249 1435 1292 ἔστιν

108 1309 203 1366 οὖν,
234 1313 292 1362 ὡς
315 1313 342 1366 ἡ
367 1320 454 1355 τῶν
480 1317 584 1368 AA,
610 1319 652 1356 A
662 1317 703 1356 Γ
719 1315 908 1370 ὑπεροχὴ
934 1315 1042 1370 πρὸς
1065 1316 1145 1369 τὴν
1169 1317 1268 1369 ΔΓ,
1300 1314 1436 1364 οὕτως

107 1376 132 1429 ἡ
165 1380 251 1418 ΛΔ
287 1376 395 1432 πρὸς
431 1378 510 1432 τὴν
535 1381 643 1420 AB·
683 1378 732 1420 τὸ
769 1380 851 1433 ἄρα
886 1379 970 1421 ὑπὸ
1007 1385 1081 1432 τῆς
1111 1386 1199 1420 τῶν
1224 1382 1325 1432 AA,
1349 1379 1442 1420 ΔΓ

107 1440 322 1495 ὑπεροχῆς
346 1441 417 1483 καὶ
442 1447 516 1495 τῆς
540 1445 621 1483 AB
653 1442 751 1484 ἴσον
775 1442 893 1484 ἐστὶν
917 1447 975 1500 τῷ
994 1441 1079 1484 ὑπὸ
1110 1449 1196 1484 τῶν
1221 1445 1318 1496 AA,
1343 1443 1434 1484 ΔΓ.

106 1505 252 1559 πάλιν,
277 1505 368 1547 ἐπεὶ
394 1506 521 1560 λοιπὴ
547 1506 572 1560 ἡ
593 1510 679 1548 ΑΔ
703 1505 812 1562 πρὸς
836 1508 993 1561 λοιπὴν
1018 1507 1098 1560 τὴν
1116 1508 1204 1548 ΔΓ
1221 1505 1352 1560 ἐστιν,
1377 1505 1435 1555 ὡς

110 1569 132 1622 ἡ
158 1572 245 1611 AB
275 1568 384 1625 πρὸς
413 1571 493 1624 τὴν
523 1573 618 1624 ΒΓ,
655 1571 846 1613 διελόντι
877 1570 1014 1624 ἐστίν,
1051 1571 1108 1619 ὡς
1138 1571 1163 1624 ἡ
1194 1577 1280 1612 τῶν
1306 1570 1442 1611 ΑΔΓ

106 1633 295 1689 ὑπεροχὴ
325 1634 434 1688 πρὸς
457 1635 536 1688 τὴν
561 1638 604 1677 A
614 1637 660 1689 Γ,
692 1635 830 1684 οὕτως
855 1635 881 1688 ἡ
907 1638 949 1676 A
959 1637 1000 1676 Γ
1023 1634 1130 1688 πρὸς
1154 1635 1233 1688 τὴν
1259 1636 1360 1675 ΓΒ·
1384 1634 1433 1675 τὸ
1492 1664 1494 1674 ;

107 1698 190 1752 ἄρα
214 1697 299 1739 ὑπὸ
326 1705 400 1753 τῆς
424 1706 512 1741 τῶν
536 1702 641 1753 AA,
666 1702 709 1740 A
724 1701 760 1740 Γ
783 1699 996 1753 ὑπεροχῆς
1025 1698 1096 1740 καὶ
1127 1705 1201 1752 τῆς
1225 1700 1312 1739 ΒΓ
1336 1697 1434 1739 ἴσον
1486 1711 1494 1743 5

107 1761 226 1803 ἐστὶν
251 1767 308 1818 τῷ
329 1761 413 1804 ἀπὸ
440 1769 516 1816 τῆς
535 1765 621 1805 ΔΓ
638 1764 902 1819 τετραγώνῳ.
932 1763 1078 1817 πάλιν,
1104 1762 1197 1804 ἐπεί
1220 1761 1351 1815 ἐστιν,
1376 1760 1434 1810 ὡς
1490 1771 1494 1773 “

108 1826 132 1879 ἡ
159 1828 245 1867 AA
274 1826 382 1881 πρὸς
407 1827 486 1880 τὴν
512 1831 554 1868 A
564 1828 610 1879 Γ,
641 1827 779 1876 οὕτως
803 1827 828 1880 ἡ
855 1829 941 1868 ΑΒ
966 1825 1074 1880 πρὸς
1099 1826 1177 1880 τὴν
1201 1829 1301 1878 BA,
1332 1824 1433 1866 ἀνά-

107 1893 240 1931 παλιν
271 1890 343 1932 καὶ
375 1891 561 1933 διελόντι
588 1889 726 1943 ἐστίν,
758 1891 815 1940 ὡς
839 1891 865 1944 ἡ
890 1898 977 1932 τῶν
1003 1894 1108 1944 AA,
1133 1894 1176 1932 A
1185 1892 1226 1931 Γ
1243 1889 1433 1943 ὑπεροχὴ

105 1952 212 2008 πρὸς
236 1955 316 2008 τὴν
340 1958 443 2008 AA,
469 1955 607 2004 οὕτως
631 1955 656 2009 ἡ
682 1958 768 1996 ΔΑ
792 1955 900 2010 πρὸς
924 1955 1004 2008 τὴν
1029 1958 1070 1995 Α
1078 1957 1114 1996 Β
1129 1967 1136 1974 ·
1168 1953 1215 1996 τό
1241 1955 1324 2008 ἄρα
1348 1952 1432 1995 ’ὑπὸ

106 2024 179 2072 τῆς
204 2025 291 2059 τῶν
317 2022 415 2072 AA,
441 2021 527 2060 ΔΓ
551 2018 763 2073 ὑπεροχῆς
794 2019 865 2059 καὶ
890 2025 964 2072 τῆς
992 2022 1034 2060 Α
1042 2021 1077 2059 Β
1111 2022 1207 2060 ἴσον
1231 2016 1349 2060 ἐστὶν
1373 2022 1431 2073 τῷ

106 2081 188 2123 ἀπὸ
214 2087 288 2135 τῆς
314 2086 398 2123 ΑΔ
423 2083 687 2137 τετραγώνῳ.

162 2177 195 2208 8.
221 2174 259 2219 γ]
284 2172 367 2217 τρία
393 2173 557 2209 Hultsch.
669 2178 700 2208 9.
726 2176 836 2208 ΑΔΓ
857 2173 963 2220 (alm
988 2177 1050 2208 AA
1075 2178 1108 2208 Δ
1117 2175 1150 2207 Γ
1170 2172 1325 2208 Hultsch
1349 2183 1433 2207 cum

106 2219 379 2254 Commandino.
495 2225 548 2255 16.
576 2218 658 2267 οὖν]
685 2219 758 2264 ἄρα
782 2219 949 2255 Hultsch.
1058 2224 1112 2255 19.
1138 2221 1249 2264 ΑΔΓ]
1274 2222 1342 2254 ΑΔ
1367 2220 1437 2254 ΔΓ

106 2265 261 2300 Hultsch
288 2277 370 2301 cum
392 2266 664 2302 Commandino.
