1494 2450
87 757 132 788 10

87 1076 131 1108 15

86 1396 131 1428 20

87 1727 131 1758 25

1366 0 1403 23 ί.

160 61 245 103 256
677 61 973 96 FRAGMENTA
1349 54 1359 77 ³
1487 23 1490 59 ¹

218 166 284 210 ιδ’.
309 164 443 210 Ἔστω
475 168 748 222 παράλληλος
771 168 798 222 ἡ
827 171 903 209 ΑΒ
928 174 979 223 τῇ
1006 170 1104 221 ΓΔ,
1137 167 1209 209 καὶ
1234 167 1401 222 διήχθω
1410 197 1413 203 -
1435 220 1437 222 ¹

159 233 203 273 αἱ
229 235 329 284 ΑΕ,
358 234 444 285 ΓΒ,
470 230 542 273 καὶ
567 239 744 286 σημεῖον
770 231 838 274 ἐπὶ
862 237 937 285 τῆς
962 234 1056 273 ΒΗ
1075 231 1124 273 τὸ
1153 234 1201 284 Ζ,
1226 232 1334 272 ὥστε
1357 227 1413 273 εἶ
1429 276 1436 283 s
1488 189 1494 280 Ι

159 297 216 345 ὡς
240 297 321 349 τὴν
345 298 436 337 ΔΕ
457 296 565 350 πρὸς
588 297 668 350 τὴν
692 298 787 348 ΕΓ,
813 296 949 345 οὕτως
973 296 1022 337 τὸ
1046 295 1132 337 ὑπὸ
1159 297 1247 348 ΓΒ,
1273 297 1355 336 ΗΖ
1377 294 1432 337 πή
1487 281 1494 328 1

157 360 206 401 τὸ
231 359 317 401 ὑπὸ
345 362 438 413 ΖΒ,
465 361 574 401 ΓΗ·
607 360 674 401 ὅτι
699 360 850 401 εὐθεῖά
874 359 992 401 ἐστιν
1014 359 1042 413 ’ἡ
1068 359 1141 400 διὰ
1164 366 1252 400 τῶν
1276 361 1331 412 Α,
1357 361 1406 412 Ζ,
1423 356 1433 393 e'

215 424 339 478 ἤχθω
371 424 444 465 διὰ
467 421 548 477 μὲν
572 430 650 466 τοῦ
675 429 719 465 A
742 430 794 479 τῇ
819 425 907 464 ΒΓ
929 424 1202 477 παράλληλος
1224 423 1251 476 ἡ
1276 426 1319 464 A
1329 425 1384 476 Θ,
1432 414 1447 453 .'

158 487 437 540 ἐκβεβλήσθω
462 488 488 541 ἡ
516 491 599 529 ΑΕ
623 487 691 530 ἐπὶ
715 488 763 529 τὸ
792 490 842 541 Θ,
867 488 941 529 διὰ
966 485 1013 529 δὲ
1037 493 1115 529 τοῦ
1144 489 1181 528 Θ
1204 493 1253 541 τῇ
1276 487 1354 527 ΓΔ
1417 486 1451 519 ¹1²
1488 479 1490 492 ²

158 551 343 605 άλληλος
379 552 405 606 ἡ
440 554 546 605 ΘΚ,
582 552 653 593 καὶ
684 550 962 605 ἐκβεβλήσθω
1436 543 1443 559 ”
1477 524 1485 705 3

157 615 183 669 ἡ
209 617 297 657 ΒΓ
314 614 385 657 ἐπὶ
409 617 458 658 τὸ
484 618 535 657 Κ.
1030 622 1064 653 Α
1433 637 1453 676 »2

217 678 308 721 ἐπεὶ
334 676 416 721 οὖν
442 679 572 733 ἐστιν,
607 680 664 728 ὡς
687 679 714 733 ἡ
739 682 829 721 AE
850 680 960 733 πρὸς
1446 720 1451 723 ,
1475 672 1492 734 32?

157 744 236 796 τὴν
260 746 356 797 ΕΓ,
388 743 526 792 οὕτως
554 743 603 785 τὸ
634 744 719 785 ὑπὸ
746 745 845 796 ΓΒ,
874 746 967 785 ΖΗ

156 808 264 861 πρὸς
300 808 349 849 τὸ
379 808 465 849 ὑπὸ
499 810 598 861 ΒΖ,
625 810 730 860 ΓΗ,
767 808 824 856 ὡς
854 804 902 849 δὲ
934 807 958 859 ἡ
1286 845 1315 877 Ζ

157 875 248 913 ΔΕ
270 872 378 926 πρὸς
402 873 481 925 τὴν
502 874 605 925 ΕΓ,
629 872 766 920 οὕτως
791 870 908 912 ἐστὶν
932 871 958 924 ἥ
1145 905 1185 938 Η

156 951 202 976 τε
226 939 316 977 ΔΘ
345 937 452 990 πρὸς
481 937 562 989 τὴν
587 937 683 977 ΓΗ
704 934 776 977 καὶ
801 935 849 976 τὸ
874 934 959 977 ὑπὸ
1122 867 1417 1015 Λ
1455 923 1482 966 f

156 1002 264 1053 ΔΘ,
291 1002 372 1041 ΒΖ
408 1000 517 1054 πρὸς
546 1000 595 1041 τὸ
627 999 711 1041 ὑπὸ
742 1006 831 1040 τῶν
857 1002 960 1053 ΓΗ,
1076 979 1109 1012 Γ
1456 999 1494 1039 J-

158 1067 255 1105 ἴσον
292 1065 374 1116 ἄρα
406 1062 525 1106 ἐστὶν
554 1064 602 1105 τὸ
633 1063 718 1105 ὑπὸ
748 1071 836 1105 τῶν
867 1065 959 1114 ΒΓ,
1021 1016 1418 1121 av
1459 1096 1494 1120 ·;,

160 1130 254 1169 ΖΗ
270 1143 329 1169 τω
349 1128 434 1170 ὑπὸ
461 1131 568 1181 ΔΘ,
594 1130 698 1169 ΒΖ·
742 1127 960 1180 ἀνάλογον
1009 1135 1043 1167 Κ
1306 1133 1338 1166 Θ
1487 1123 1489 1127 ’

157 1193 239 1246 ἄρα
264 1191 397 1246 ε’στίν,
423 1193 480 1241 ὡς
504 1192 530 1246 ἡ
553 1194 624 1233 ΓΒ
644 1192 753 1246 πρὸς
770 1192 851 1245 τὴν
869 1193 959 1245 ΒΖ,
1490 1186 1494 1187 ⁷

157 1256 294 1305 οὕτως
319 1256 345 1310 ἡ
371 1259 479 1309 ΔΘ,
505 1254 731 1297 τουτέστιν
755 1256 780 1309 ἡ
807 1257 905 1307 ΓΚ,
929 1255 1036 1309 πρὸς
1061 1255 1141 1308 τὴν
1166 1257 1277 1296 ΗΖ·
1307 1254 1378 1296 καὶ
1403 1239 1480 1313 ὅλῗ>

157 1321 241 1374 ἄρα
264 1320 291 1373 ἡ
311 1322 390 1360 ΚΒ
414 1320 521 1374 πρὸς
547 1319 654 1373 ὅλην
678 1320 758 1372 τὴν
778 1321 868 1360 ΒΗ
886 1318 1016 1372 ἐστιν,
1043 1319 1100 1367 ὡς
1119 1319 1145 1372 ἡ
1164 1319 1251 1360 ΚΓ
1263 1319 1371 1374 πρὸς
1392 1321 1461 1360 Ζὲ
1490 1327 1494 1330 ”

157 1383 381 1426 τουτέστιν
405 1384 462 1433 ὡς
486 1384 512 1437 ἡ
538 1386 623 1425 ΔΘ
647 1383 755 1437 πρὸς
783 1385 874 1423 ΖΗ.
917 1380 1010 1423 ἀλλ’
1034 1383 1089 1432 ὡς
1114 1381 1139 1435 ἡ
1167 1384 1245 1423 ΚΒ
1270 1383 1377 1438 πρὸς
1401 1385 1463 1424 Β
1455 1407 1465 1419 ι-
1486 1414 1494 1420 ,⁷

157 1446 206 1490 ἐν
228 1450 506 1504 παραλλήλῳ,
538 1447 676 1496 οὕτως
701 1445 818 1488 ἐστὶν
842 1447 868 1500 ἡ
897 1449 977 1488 ΘΑ
1001 1447 1109 1501 πρὸς
1132 1449 1175 1487 Α
1183 1448 1234 1487 Η
1250 1445 1321 1488 καὶ
1344 1446 1371 1500 ἡ
1395 1449 1478 1488 Δ

156 1513 264 1566 πρὸς
293 1514 390 1553 ΖΗ.
438 1514 515 1552 καί
542 1511 654 1552 εἰσιν
685 1510 951 1564 παράλληλοι
977 1511 1022 1552 αἱ
1046 1514 1089 1551 A
1099 1513 1154 1564 Θ
1182 1512 1291 1551 ΖΗ·
1334 1511 1475 1552 εὐθ6
1475 1553 1478 1556 ,

158 1576 240 1630 ἄρα
265 1574 384 1617 ἐστὶν
407 1576 434 1630 ἡ
460 1576 532 1616 διὰ
557 1582 644 1616 τῶν
670 1578 726 1628 A,
754 1577 802 1628 Ζ,
827 1578 870 1616 Δ
894 1575 1093 1628 σημείων.
1452 1602 1455 1604 >
1486 1599 1488 1602 >

216 1650 276 1693 ιε’.
314 1652 482 1693 Τούτου
506 1649 918 1704 προτεθεωρημένου
944 1647 1051 1692 ἔστω
1070 1649 1341 1704 παράλληλος
1359 1649 1384 1704 ἡ
1403 1652 1467 1693 A

157 1721 207 1770 τῇ
229 1717 270 1757 Γ
265 1719 321 1770 A
346 1714 417 1756 καὶ
443 1717 505 1764 εἰς
530 1715 662 1764 αὐτὰς
686 1713 1010 1769 ἐμπιπτέτωσαν
1033 1714 1200 1755 εὐθεῖαι
1219 1715 1263 1756 αἱ
1282 1717 1376 1769 ΑΖ,
1448 1736 1454 1749 ι

160 1782 256 1834 ΓΕ,
286 1782 387 1833 ΕΔ,
419 1778 490 1820 καὶ
522 1777 848 1833 ἐπεζεύχθωσαν
878 1779 922 1820 αἱ
954 1781 990 1820 Β
1000 1778 1054 1832 F*
1079 1780 1193 1819 ΗΚ·
1237 1778 1304 1820 ὅτι
1334 1778 1454 1820 εὐθε
1481 1758 1493 1822 3

158 1842 277 1885 ἐστιν
301 1843 326 1897 ἡ
353 1844 425 1885 διὰ
450 1850 538 1884 τῶν
564 1845 620 1896 A,
645 1845 709 1896 M
734 1845 786 1884 A.

210 1906 480 1962 Ἐπεζεύχθω
506 1907 532 1961 ἡ
558 1909 659 1948 AM
677 1906 747 1948 καὶ
773 1906 1052 1960 ἐκβεβλήσθω
1079 1904 1147 1948 ἐπὶ
1172 1906 1221 1947 τὸ
1250 1908 1298 1948 Θ.

216 1970 305 2013 ἐπεὶ
332 1969 414 2013 οὖν
437 1972 653 2024 τριγώνου
678 1975 756 2012 τοῦ
782 1972 909 2012 ΒΓΖ
941 1969 1060 2019 ἐκτὸς
1085 1969 1167 2012 ἀπὸ
1191 1976 1267 2024 τῆς
1289 1984 1428 2024 κορυυ
1459 1994 1482 2008 -,

157 2128 162 2135 -
218 2113 271 2143 11.
300 2111 375 2151 ΒΖ,
402 2110 486 2154 ΓΗ]
519 2111 594 2152 ΒΓ
618 2111 692 2143 ΖΗ
714 2108 811 2151 cod.;
840 2110 903 2143 ZB
928 2110 999 2143 ΓΗ
1014 2107 1171 2142 Hultsch
1191 2118 1274 2142 cum
1293 2106 1467 2147 Comma

157 2156 254 2190 dino.
377 2159 430 2190 12.
458 2156 571 2202 ἐστὶν]
597 2155 668 2190 del.
694 2154 861 2189 Hultseh.
976 2158 1029 2189 18.
1055 2153 1239 2189 τουτέστιν
1261 2153 1301 2199 ἡ]
1327 2152 1453 2188 conio

157 2202 324 2245 Hultsch,
357 2201 541 2238 τουτέστιν
575 2202 623 2242 ὡς
655 2201 677 2246 ἡ
711 2201 804 2244 cod„
836 2198 927 2244 πρὸς
958 2200 1002 2245 τὴ
1005 2214 1026 2236 ν
1058 2202 1134 2235 ΗΖ
1165 2199 1349 2236 τουτέστιν
1382 2199 1432 2240 ὣς
1492 2223 1493 2228 =

157 2248 325 2329 {illtseh
387 2251 441 2283 29.
467 2248 586 2295 ἐκτὸς]
611 2247 681 2283 del
709 2228 865 2282 Hult'sch
891 2258 973 2282 cum
981 2214 1176 2290 ηὸἰιιιεοιιο,
1201 2247 1265 2282 sed
1289 2257 1324 2280 ιι.
1350 2245 1413 2280 le·-

231 2296 308 2330 exta·
