1494 2450
586 57 830 93 APPENDIX
1301 57 1354 99 12
1362 58 1382 98 l

35 171 265 228 tingentes,
303 169 439 212 maior
477 171 541 211 est
573 182 694 210 arcus
720 169 813 217 EX
844 182 943 209 arcu
971 169 1016 209 X
1025 169 1085 217 Ψ,
1110 168 1208 209 ΧΨ
1241 169 1384 209 autem

17 236 134 280 'arcu
161 237 253 278 ΨΚ
274 234 506 290 [Theodos.
526 232 602 288 III,
623 233 681 289 8].
713 233 858 289 itaque
884 235 930 275 X
950 248 1095 276 arcum
1122 235 1204 275 XE
1226 232 1388 275 maiore

36 305 227 356 tempore
252 300 463 356 percurrit
489 314 618 355 quam
644 302 694 341 Ψ
715 313 862 342 arcum
884 300 975 342 ΨΧ
995 301 1038 341 et
1058 301 1108 341 Ψ
1127 313 1274 341 arcum
1301 300 1394 340 ΨΧ

15 366 194 411 *maiore
225 369 418 422 tempore
443 368 656 421 percurrit
681 379 811 421 quam
836 366 882 407 K
909 377 1055 406 arcum
1082 366 1125 406 K
1132 365 1188 405 Ψ.
1239 378 1388 406 verum

37 436 215 487 tempus,
242 445 326 487 quo
352 433 399 473 X
418 445 565 473 arcum
584 432 668 473 XE
688 430 912 487 percurrit,
938 432 1108 485 tempus
1136 431 1211 485 est,
1238 443 1322 485 quo
1344 431 1391 472 H

13 503 179 541 'arcum
205 499 307 540 HN
333 496 563 552 percurrit,
594 496 677 539 hoc
711 500 793 552 est,
826 511 910 552 quo
938 510 1060 537 arcus
1088 498 1131 538 A
1139 497 1191 538 H
1215 495 1389 551 occidit3

35 566 202 619 tempus
228 564 382 617 autem,
408 577 492 617 quo
521 564 570 603 Ψ
590 577 737 605 arcum
765 564 857 605 ΨΧ
875 563 1097 617 percurrit,
1123 563 1292 617 tempus
1312 563 1390 615 est,

36 643 119 685 quo
148 631 185 670 Θ
210 642 356 672 arcum
386 629 468 670 ΘΩ,
492 628 714 683 percurrit,
746 627 828 670 hoc
853 630 919 670 est
943 630 1127 682 tempus,
1153 641 1239 681 quo
1266 641 1388 669 arcus

39 697 128 738 ΘΗ
146 693 320 750 occidit3
346 696 517 750 tempus
538 697 694 749 autem,
721 709 805 750 quo
826 696 873 736 K
888 707 1035 736 arcum
1055 695 1150 735 ΚΨ
1164 692 1388 748 percurrit,

10 763 203 816 ,tempus
236 762 317 815 est,
357 774 440 815 quo
474 774 595 802 arcus
622 763 712 802 ΚΘ
744 759 913 803 occidit.
964 773 1065 815 ergo
1098 758 1258 800 maiore
1284 760 1389 800 tem-

8 840 138 883 ff-pore
163 839 286 868 arcus
307 828 350 868 A
358 827 410 868 H
428 825 586 867 occidit
612 841 713 868 arcu
739 829 791 869 H
795 829 852 879 Θ,
873 828 966 867 ΗΘ
991 827 1134 867 autem
1160 838 1260 866 arcu
1290 826 1387 867 ΘΚ.

96 882 190 934 ίαηί
200 891 307 942 dico,
334 905 405 933 eos
425 906 560 947 arcus,
581 891 653 948 qui
674 891 726 934 ab
748 889 1054 947 aequinoctiali
1074 885 1242 945 aequali
1262 889 1389 932 inter-

7 957 9 984 ῗ
36 959 146 1000 vallo
173 955 342 1012 distent,
368 957 617 1012 aequalibus
643 958 910 1013 temporibus
936 955 1138 998 occidere.

93 1038 194 1065 nam
221 1037 317 1065 cum
342 1026 552 1079 punctum
579 1026 625 1066 K
647 1023 699 1065 ad
723 1025 932 1078 punctum
956 1025 999 1064 E
1021 1022 1278 1077 pervenerit,
1312 1024 1389 1063 cir-

37 1087 156 1131 culus
183 1087 378 1131 zodiacus
404 1088 664 1144 positionem
689 1088 846 1131 habeat
866 1091 945 1137 ςΕ.
980 1090 1024 1129 et
1042 1087 1247 1143 quoniam
1267 1101 1389 1129 arcus

4 1171 6 1198 ῑ
39 1157 111 1202 ςΕ
133 1153 249 1196 arcui
275 1156 345 1196 Ελ
372 1154 560 1212 aequalis
587 1157 652 1197 est
678 1157 721 1197 et
746 1157 826 1197 EZ
851 1155 1065 1196 maximus
1084 1152 1389 1208 parallelorum

0 1219 5 1272 j,
38 1222 119 1275 est,
157 1219 339 1261 circulus
379 1223 512 1264 ςΘΠ
546 1220 704 1263 circulo
744 1222 868 1262 ΡΛΣ
902 1217 1092 1273 aequalis
1133 1220 1195 1260 est
1236 1217 1310 1274 [ib.
1337 1217 1390 1272 H,

0 1286 5 1326 Ξ
32 1285 126 1341 17].
176 1300 306 1340 quare
347 1285 477 1328 etiam
515 1300 638 1328 arcus
685 1288 770 1328 OE
812 1284 930 1327 arcui
966 1287 1055 1327 ΕΡ
1091 1283 1282 1339 aequalis
1326 1287 1391 1326 est

38 1349 113 1406 [ib.
138 1350 192 1406 II,
221 1350 312 1406 18];
352 1365 500 1393 verum
533 1352 663 1394 etiam
694 1355 772 1395 ςΕ
802 1351 919 1392 arcui
950 1353 1041 1405 E23
1078 1350 1223 1405 itaque
1261 1349 1389 1391 etiam

0 1410 3 1462 l
37 1419 153 1458 recta
178 1416 231 1458 ab
257 1428 281 1461 ς
304 1416 357 1459 ad
379 1419 416 1459 Ο
435 1419 575 1459 rectae
595 1416 648 1459 ab
669 1417 775 1459 Pad
795 1419 820 1459 λ
847 1415 1035 1471 aequalis
1063 1418 1129 1458 est
1154 1415 1228 1470 [ib.
1242 1413 1317 1469 111,
1331 1414 1390 1470 3].

0 1476 3 1512 ἶ
38 1484 82 1524 et
105 1482 301 1537 aequales
339 1485 440 1524 sunt
477 1482 626 1525 circuli
659 1485 798 1535 ςΘΠ,
825 1484 954 1524 ΡΛΣ.
1007 1496 1137 1536 quare
1169 1495 1292 1523 arcus
1320 1484 1391 1529 ςΟ

0 1545 2 1576 ³
38 1546 155 1589 arcui
179 1549 240 1589 Ρλ
267 1546 417 1589 similis
445 1549 511 1590 est
536 1547 611 1603 [ib.
637 1547 692 1604 II,
720 1547 807 1603 13].
845 1546 1013 1602 aequali
1038 1546 1172 1603 igitur
1197 1549 1390 1602 tempore

0 1626 1 1632 ¹
37 1614 244 1668 punctum
282 1616 306 1655 λ
344 1627 490 1655 arcum
529 1615 600 1655 λΡ
632 1613 844 1669 percurrit
881 1615 1008 1667 atque
1046 1614 1083 1654 Ο
1120 1614 1272 1654 Μουω
1308 1615 1389 1657 Ος.

37 1692 185 1720 verum
198 1680 382 1733 tempus,
401 1692 486 1733 quo
501 1681 525 1721 λ
541 1693 685 1721 arcum
701 1682 766 1721 λΡ
780 1677 1003 1734 percurrit,
1024 1680 1192 1733 tempus
1208 1679 1284 1733 est,
1305 1693 1389 1733 quo

22 1757 159 1793 ,arcus
186 1746 260 1786 λΕ
283 1742 452 1798 occidit,
476 1746 646 1799 tempus
673 1746 829 1799 autem,
856 1758 940 1799 quo
970 1745 1007 1785 Ο
1033 1757 1179 1785 arcum
1202 1746 1271 1788 Ος
1298 1759 1390 1800 per-

31 1807 182 1867 currit,
201 1807 375 1863 aequale
396 1810 460 1851 est
478 1810 675 1866 tempori,
696 1824 781 1865 quo
801 1824 923 1851 arcus
938 1811 979 1851 Ε
986 1820 1009 1853 ς
1026 1808 1195 1851 occidit.
1222 1810 1390 1865 aequali

39 1872 172 1930 igitur
195 1876 389 1930 tempore
414 1888 538 1916 arcus
564 1878 641 1930 λΕ,
662 1879 703 1918 Ε
710 1887 735 1920 ς
761 1874 973 1917 occidunt.
1025 1889 1175 1916 verum
1201 1875 1390 1930 aequalis

39 1941 104 1980 est
128 1941 196 1981 λΕ
217 1938 336 1981 arcui
360 1941 471 1994 ΛΚ,
495 1942 568 1983 Ες
593 1943 737 1983 autem
762 1940 880 1983 arcui
906 1942 1001 1983 ΚΘ.
1053 1954 1155 1997 ergo
1181 1943 1279 1995 ΛΚ,
1306 1943 1391 1983 ΚΘ

40 2003 205 2058 aequali
236 2006 429 2060 tempore
461 2004 672 2047 occidunt.
723 2005 923 2047 similiter
952 2008 1096 2048 autem
1128 2005 1390 2048 demonstra-

39 2067 192 2124 bimus,
223 2069 353 2111 etiam
378 2084 501 2112 arcus
526 2072 635 2124 MK,
661 2072 757 2112 KH
777 2071 942 2126 aequali
969 2073 1161 2126 tempore
1187 2071 1390 2126 occidere,

41 2147 223 2189 quorum
246 2137 390 2190 partes
415 2137 514 2187 ΛΚ,
540 2137 625 2178 ΚΘ
650 2135 818 2191 aequali
844 2139 1035 2192 tempore
1062 2136 1273 2179 occidunt.
1314 2138 1389 2179 ita-

101 2295 131 2325 1.
158 2294 280 2336 μεῖζον
303 2291 388 2328 Vnt.
453 2297 508 2329 10.
534 2293 652 2340 δύνει]
678 2294 766 2330 add.
791 2306 840 2330 m.
868 2298 886 2330 1
914 2294 1000 2330 Vat.
1073 2299 1128 2330 33.
1156 2295 1210 2341 δέ]
1237 2297 1325 2332 mut.
1352 2295 1391 2330 in

43 2338 90 2383 δή
118 2351 163 2373 m.
193 2343 212 2374 2
238 2340 321 2375 Vat.
