1494 2450
582 49 888 86 FRAGMENTA
1328 50 1412 92 257

58 166 139 203 τοῦ
171 163 209 202 Β
247 161 430 214 σημείου
465 165 516 216 τῇ
550 161 632 202 ΓΔ
667 159 948 215 παράλληλος
981 156 1108 214 ἦκται
1141 159 1168 214 ἡ
1201 161 1307 209 ΒΕ,
1343 159 1417 202 καὶ

8 270 10 282 ¹
59 226 231 280 διῆκται
262 226 288 280 ἡ
314 228 421 280 ΔΕ,
455 225 641 280 γίνεται,
673 225 732 275 ὡς
761 225 789 280 ἡ
816 227 898 267 ΓΖ
927 226 1038 280 πρὸς
1066 227 1163 280 ΖΔ,
1195 224 1337 274 οὕτως
1367 226 1416 267 τὸ

7 343 8 348 ¹
59 290 145 333 ὑπὸ
172 294 267 346 ΔΕ,
293 293 378 333 ΚΛ
402 291 512 347 πρὸς
535 290 585 332 τὸ
610 290 696 333 ὑπὸ
723 292 819 345 ΕΛ,
846 292 945 332 ΚΔ.
978 291 1036 340 ὡς
1062 287 1111 332 δὲ
1135 290 1185 333 τὸ
1211 289 1298 332 ὑπὸ
1320 293 1417 345 ΔΕ,

5 403 7 412 ⁴
59 358 145 398 KA
175 358 287 412 πρὸς
317 356 365 398 τὸ
397 355 483 399 ὑπὸ
510 358 624 411 ΔΚ,
651 358 757 411 ΛΕ,
796 355 936 406 οὕτως
966 355 1087 398 ἐστὶν
1117 357 1167 399 τὸ
1193 356 1280 399 ὑπὸ
1309 358 1418 410 ΓΗ,

0 413 7 483 ¹⁴
63 424 150 464 ΘΕ
171 423 281 478 πρὸς
305 422 355 464 τὸ
381 421 467 464 ὑπὸ
496 423 595 476 ΓΕ,
621 423 735 475 ΗΘ,
767 420 860 463 ἐπεὶ
893 423 955 472 εἰς
985 429 1103 478 τρεῖς
1134 422 1312 472 εὐθείας
1342 423 1418 472 τὰς
1469 433 1489 463 5

4 482 5 494 ³
62 488 158 541 ΓΛ,
184 490 296 542 ΛΘ,
322 489 420 529 ΗΚ
446 487 530 529 δύο
563 485 678 529 εἰσὶν
703 487 935 541 ὃιηγμέναι
960 485 1045 530 ἀπὸ
1071 493 1152 529 τοῦ
1178 487 1318 530 αὐτοῦ
1344 498 1419 542 ση-

0 571 3 590 s
59 554 187 606 μείου
212 559 293 595 τοῦ
318 555 361 595 Ε
383 553 428 594 αἱ
453 555 550 607 ΕΓ,
576 555 683 594 ΕΔ·
728 553 800 594 καὶ
827 552 886 602 ὡς
910 554 995 606 ἄρα
1019 553 1046 607 ἡ
1073 556 1163 595 ΛΖ
1187 554 1297 608 πρὸς
1325 555 1418 608 ΖΓ,

0 622 2 661 5
61 617 201 668 οὕτως
226 616 346 660 ἐστὶν
371 618 420 660 τὸ
446 617 534 661 ὑπὸ
563 620 652 672 ΓΕ,
673 620 761 661 ΗΘ
785 618 897 674 πρὸς
921 619 970 661 τὸ
995 618 1083 660 ὑπὸ
1107 621 1200 674 ΓΗ,
1224 622 1310 661 ΘΕ.
1343 620 1418 662 διὰ

59 684 110 725 τὸ
130 683 523 739 προγεγραμμένον
542 684 628 740 ἄρα
647 683 674 738 ἡ
695 683 769 726 διὰ
787 691 877 726 τῶν
897 688 953 738 Α,
967 687 1032 739 Μ,
1047 687 1090 726 Δ
1110 684 1231 727 ἐστιν
1251 685 1416 727 εὐθεῖα.

124 1486 190 1534 ις’.
222 1486 303 1535 Εἰς
330 1487 411 1528 δύο
437 1487 617 1536 εὐθείας
642 1488 719 1536 τὰς
739 1490 837 1540 ΑΒ,
859 1489 948 1529 ΑΓ
967 1486 1052 1528 ἀπὸ
1079 1493 1160 1529 τοῦ
1187 1487 1324 1528 αὐτοῦ
1344 1498 1419 1541 ση-
1446 1498 1491 1530 10

62 1554 189 1606 μείου
215 1556 296 1594 τοῦ
315 1555 359 1593 Δ
385 1552 466 1594 δύο
494 1552 753 1607 διήχθωσαν
779 1553 824 1594 αῑ
843 1555 941 1606 ΔΒ,
960 1555 1058 1606 ΔΕ,
1083 1552 1156 1594 καὶ
1183 1550 1246 1593 6³2²?
1274 1551 1421 1594 αὐτῶν

63 1617 265 1672 εἰλήφθω
292 1624 447 1671 σημεῖα
471 1617 525 1659 τὰ
551 1620 609 1671 Η,
638 1620 689 1672 Θ,
715 1615 825 1659 ἔστω
853 1616 915 1672 δέ,
943 1617 1001 1666 ὡς
1026 1618 1075 1660 τὸ
1102 1616 1188 1659 ὑπὸ
1215 1619 1316 1671 ΕΗ,
1339 1620 1421 1659 ΖΔ

63 1682 174 1736 πρὸς
198 1682 247 1723 τὸ
273 1681 360 1723 ὑπὸ
387 1685 490 1737 ΔΕ,
518 1685 622 1737 ΗΖ,
649 1682 788 1732 οὕτως
812 1683 861 1724 τὸ
886 1682 973 1725 ὑπὸ
1004 1685 1102 1736 ΒΘ,
1130 1684 1210 1724 ΓΔ
1235 1683 1346 1735 πρὸς
1369 1683 1420 1724 τὸ

63 1746 149 1789 ὑπὸ
175 1750 272 1801 ΒΔ,
299 1749 399 1789 ΓΘ·
439 1748 506 1790 ὅτι
532 1748 687 1790 εὐθεῖά
713 1747 834 1790 ἐστιν
858 1747 884 1802 ἡ
912 1749 987 1790 διὰ
1012 1755 1101 1789 τῶν
1127 1751 1185 1802 Α,
1211 1750 1268 1802 Η,
1298 1750 1346 1790 Θ.

122 1813 247 1868 ἤχθω
275 1813 349 1855 διὰ
375 1818 453 1854 τοῦ
481 1815 532 1855 Η
550 1820 601 1869 τῇ
627 1816 711 1854 ΒΔ
736 1813 1014 1868 παράλληλος
1039 1813 1066 1867 ἡ
1092 1815 1187 1854 ΚΛ.
1448 1824 1491 1856 15

125 1877 218 1919 ἐπεὶ
244 1875 326 1921 οὖν
351 1877 484 1932 ἐστιν,
511 1878 568 1928 ὡς
593 1879 642 1920 τὸ
667 1877 754 1921 ὑπὸ
779 1881 879 1933 ΕΗ,
903 1881 982 1920 ΖΔ
1007 1878 1118 1931 πρὸς
1142 1879 1191 1920 τὸ
1217 1877 1304 1921 ὑπὸ
1325 1881 1422 1933 ΔΕ,

67 1945 163 1997 ZH,
190 1942 330 1996 οὕτῳς
354 1944 403 1986 τὸ
430 1943 515 1985 ὑπὸ
537 1946 631 1998 ΒΘ,
652 1945 694 1986 Γ
689 1947 733 1985 Δ
756 1945 868 1999 πρὸς
892 1945 942 1986 τὸ
967 1943 1054 1986 ὑπὸ
1076 1946 1173 1998 ΒΔ,
1195 1945 1286 1998 ΓΘ,
1312 1943 1423 1986 ἀλλὰ

65 2007 88 2050 ὁ
120 2014 200 2050 τοῦ
231 2007 318 2050 ὑπὸ
351 2010 462 2063 ΕΗ,
498 2011 579 2050 ΖΛ
612 2010 724 2063 πρὸς
755 2010 803 2051 τὸ
836 2008 922 2051 ὑπὸ
951 2010 1052 2062 ΔΕ,
1080 2011 1171 2051 ΗΖ
1202 2016 1421 2065 συνῆπται

125 2140 157 2170 5.
190 2136 271 2172 ἐπεὶ
297 2136 361 2182 εἰς]
396 2137 448 2177 εἰς
473 2137 572 2181 cod.‚
609 2138 661 2178 εἰς
693 2137 764 2182 γὰρ
795 2137 955 2173 Hultsch
983 2149 1067 2173 cum
1092 2138 1372 2173 Commandino.

65 2188 99 2219 8.
125 2184 221 2218 Ante
243 2183 306 2219 διὰ
332 2184 418 2219 add.
446 2185 511 2219 καὶ
537 2184 635 2220 ἔστιν
660 2185 793 2221 εὐθεῖα
819 2186 841 2231 ἡ
863 2185 927 2221 διὰ
946 2191 1020 2221 τῶν
1040 2189 1173 2221 ΗΜΚ
1192 2186 1272 2221 cod.
1293 2186 1422 2231 (etiam

65 2244 102 2276 p.
123 2234 204 2275 256,
224 2234 268 2265 27
295 2243 362 2276 pro
388 2235 429 2275 A,
448 2234 501 2271 M,
524 2235 558 2266 Δ
583 2232 670 2267 hab.
696 2235 743 2276 H,
764 2236 818 2277 M,
839 2234 900 2279 Κ),
937 2234 1001 2268 καὶ
1027 2233 1124 2269 ἔστιν
1151 2234 1284 2269 εὐθεῖα
1308 2234 1330 2279 ἡ
1358 2234 1422 2269 διὰ

65 2284 139 2314 τῶν
168 2280 211 2323 Θ,
226 2281 278 2321 Μ,
294 2282 327 2313 Δ
351 2278 511 2314 Hultsoh
535 2282 740 2325 praeeunte
766 2281 1047 2316 Commandino.
1132 2285 1163 2316 9.
1189 2294 1422 2327 προγεγραμ-

65 2325 195 2372 μένον]
221 2325 359 2361 lemma
384 2326 477 2362 XIV.
576 2327 666 2374 ἄρα]
692 2327 767 2373 ἄρα
791 2330 855 2363 καὶ
882 2329 977 2373 cod„
1002 2328 1171 2364 Hultsch.

136 2392 337 2426 Euclides,
357 2393 424 2418 edd.
445 2394 579 2426 Heiberg
598 2396 627 2419 et
647 2395 766 2426 Monge.
793 2395 879 2420 VIII.
1166 2392 1206 2422 17
