<?xml version="1.0" encoding="UTF-8"?>
<!DOCTYPE html PUBLIC "-//W3C//DTD XHTML 1.0 Transitional//EN"
    "http://www.w3.org/TR/xhtml1/DTD/xhtml1-transitional.dtd">
<html xmlns="http://www.w3.org/1999/xhtml" xml:lang="en" lang="en">
 <head>
  <title>
</title>
<meta http-equiv="Content-Type" content="text/html;charset=utf-8" />
  <meta name='ocr-system' content='tesseract 3.04.00' />
  <meta name='ocr-capabilities' content='ocr_page ocr_carea ocr_par ocr_line ocrx_word'/>
</head>
<body>
  <div class='ocr_page' id='page_1' title='image "./euclidisoperaomn08eucluoft_0239.png"; bbox 0 0 1494 2450; ppageno 0'>
   <div class='ocr_carea' id='block_1_1' title="bbox 499 26 1383 71">
    <p class='ocr_par' dir='ltr' id='par_1_1' title="bbox 499 26 1383 71">
     <span class='ocr_line' id='line_1_1' title="bbox 499 26 1383 71; baseline 0.001 -8"><span class='ocrx_word' id='word_1_1' title='bbox 499 27 667 64; x_wconf 84' lang='lat' dir='ltr'>SECTIO</span> <span class='ocrx_word' id='word_1_2' title='bbox 693 26 903 64; x_wconf 82' lang='lat' dir='ltr'>OANONIS</span> <span class='ocrx_word' id='word_1_3' title='bbox 1299 27 1383 71; x_wconf 84' lang='lat'>181</span> 
     </span>
    </p>
   </div>
   <div class='ocr_carea' id='block_1_2' title="bbox 0 0 121 1045">
    <p class='ocr_par' dir='ltr' id='par_1_2' title="bbox 0 0 121 1045">
     <span class='ocr_line' id='line_1_2' title="bbox 0 0 74 222; baseline 0 -49"><span class='ocrx_word' id='word_1_4' title='bbox 0 0 74 222; x_wconf 95' lang='lat' dir='ltr'>   </span> 
     </span>
     <span class='ocr_line' id='line_1_3' title="bbox 0 222 121 418; baseline 0 -45"><span class='ocrx_word' id='word_1_5' title='bbox 0 222 121 418; x_wconf 95' lang='lat' dir='ltr'>    </span> 
     </span>
     <span class='ocr_line' id='line_1_4' title="bbox 0 418 30 563; baseline 0 -80"><span class='ocrx_word' id='word_1_6' title='bbox 0 418 30 563; x_wconf 95' lang='lat' dir='ltr'>     </span> 
     </span>
     <span class='ocr_line' id='line_1_5' title="bbox 0 563 27 763; baseline -0.111 -65"><span class='ocrx_word' id='word_1_7' title='bbox 0 563 27 763; x_wconf 95' lang='lat' dir='ltr'>     </span> 
     </span>
     <span class='ocr_line' id='line_1_6' title="bbox 0 763 20 884; baseline 0 -69"><span class='ocrx_word' id='word_1_8' title='bbox 0 763 20 884; x_wconf 95' lang='lat' dir='ltr'>   </span> 
     </span>
     <span class='ocr_line' id='line_1_7' title="bbox 0 884 17 1045; baseline 0 0"><span class='ocrx_word' id='word_1_9' title='bbox 0 884 17 1045; x_wconf 95' lang='lat' dir='ltr'>  </span> 
     </span>
    </p>
   </div>
   <div class='ocr_carea' id='block_1_3' title="bbox 17 130 1387 981">
    <p class='ocr_par' dir='ltr' id='par_1_3' title="bbox 17 130 1387 981">
     <span class='ocr_line' id='line_1_8' title="bbox 38 130 1385 194; baseline -0.002 -11"><span class='ocrx_word' id='word_1_10' title='bbox 38 130 39 133; x_wconf 12' lang='grc' dir='ltr'><strong>Ἴ</strong></span> <span class='ocrx_word' id='word_1_11' title='bbox 75 143 118 184; x_wconf 92' lang='grc' dir='ltr'><em>Δ</em></span> <span class='ocrx_word' id='word_1_12' title='bbox 149 153 275 182; x_wconf 88' lang='lat' dir='ltr'>mese.</span> <span class='ocrx_word' id='word_1_13' title='bbox 318 153 467 180; x_wconf 83' lang='lat' dir='ltr'>rursus</span> <span class='ocrx_word' id='word_1_14' title='bbox 506 137 711 194; x_wconf 88' lang='lat' dir='ltr'>quoniam</span> <span class='ocrx_word' id='word_1_15' title='bbox 739 140 821 180; x_wconf 89' lang='lat' dir='ltr'>AB</span> <span class='ocrx_word' id='word_1_16' title='bbox 848 159 893 172; x_wconf 90' lang='lat'>=</span> <span class='ocrx_word' id='word_1_17' title='bbox 913 137 1047 194; x_wconf 87' lang='grc' dir='ltr'>4ΕΒ,</span> <span class='ocrx_word' id='word_1_18' title='bbox 1073 137 1157 181; x_wconf 86' lang='lat' dir='ltr'>erit</span> <span class='ocrx_word' id='word_1_19' title='bbox 1184 141 1260 181; x_wconf 87' lang='grc' dir='ltr'>ΕΒ</span> <span class='ocrx_word' id='word_1_20' title='bbox 1285 141 1385 181; x_wconf 90' lang='lat' dir='ltr'>nete</span> 
     </span>
     <span class='ocr_line' id='line_1_9' title="bbox 44 200 1386 263; baseline 0 -17"><span class='ocrx_word' id='word_1_21' title='bbox 44 200 46 202; x_wconf 52' lang='grc'>’</span> <span class='ocrx_word' id='word_1_22' title='bbox 61 203 363 263; x_wconf 79' lang='lat' dir='ltr'>yperbolaeon.</span> <span class='ocrx_word' id='word_1_23' title='bbox 427 203 553 246; x_wconf 87' lang='lat' dir='ltr'>divisi</span> <span class='ocrx_word' id='word_1_24' title='bbox 580 205 656 246; x_wconf 93' lang='grc' dir='ltr'>ΓΒ</span> <span class='ocrx_word' id='word_1_25' title='bbox 690 203 737 245; x_wconf 89' lang='lat' dir='ltr'>in</span> <span class='ocrx_word' id='word_1_26' title='bbox 775 203 881 246; x_wconf 88' lang='lat' dir='ltr'>duas</span> <span class='ocrx_word' id='word_1_27' title='bbox 919 207 1067 259; x_wconf 87' lang='lat' dir='ltr'>partes</span> <span class='ocrx_word' id='word_1_28' title='bbox 1103 203 1302 260; x_wconf 81' lang='lat' dir='ltr'><strong>aequales</strong></span> <span class='ocrx_word' id='word_1_29' title='bbox 1340 204 1386 246; x_wconf 91' lang='lat' dir='ltr'>in</span> 
     </span>
     <span class='ocr_line' id='line_1_10' title="bbox 58 269 1386 325; baseline -0.001 -13"><span class='ocrx_word' id='word_1_30' title='bbox 58 315 63 318; x_wconf 56' lang='grc'>,</span> <span class='ocrx_word' id='word_1_31' title='bbox 123 273 193 313; x_wconf 92' lang='lat' dir='ltr'>cto</span> <span class='ocrx_word' id='word_1_32' title='bbox 222 273 270 312; x_wconf 91' lang='lat' dir='ltr'>Z.</span> <span class='ocrx_word' id='word_1_33' title='bbox 319 273 362 312; x_wconf 89' lang='lat' dir='ltr'>et</span> <span class='ocrx_word' id='word_1_34' title='bbox 393 269 475 311; x_wconf 88' lang='lat' dir='ltr'>erit</span> <span class='ocrx_word' id='word_1_35' title='bbox 502 271 578 311; x_wconf 90' lang='grc' dir='ltr'>ΓΒ</span> <span class='ocrx_word' id='word_1_36' title='bbox 610 269 741 325; x_wconf 92' lang='lat' dir='ltr'>duplo</span> <span class='ocrx_word' id='word_1_37' title='bbox 774 269 913 311; x_wconf 88' lang='lat' dir='ltr'>maior</span> <span class='ocrx_word' id='word_1_38' title='bbox 937 283 1067 324; x_wconf 86' lang='lat' dir='ltr'>quam</span> <span class='ocrx_word' id='word_1_39' title='bbox 1095 272 1184 325; x_wconf 87' lang='grc' dir='ltr'>ΖΒ,</span> <span class='ocrx_word' id='word_1_40' title='bbox 1208 271 1258 311; x_wconf 91' lang='lat' dir='ltr'>ut</span> <span class='ocrx_word' id='word_1_41' title='bbox 1283 284 1386 312; x_wconf 92' lang='lat' dir='ltr'>con-</span> 
     </span>
     <span class='ocr_line' id='line_1_11' title="bbox 58 334 1385 390; baseline -0.001 -12"><span class='ocrx_word' id='word_1_42' title='bbox 58 380 70 390; x_wconf 12' lang='lat' dir='ltr'>&amp;A</span> <span class='ocrx_word' id='word_1_43' title='bbox 85 338 159 378; x_wconf 86' lang='lat' dir='ltr'>net</span> <span class='ocrx_word' id='word_1_44' title='bbox 186 337 262 377; x_wconf 87' lang='grc' dir='ltr'>ΓΒ</span> <span class='ocrx_word' id='word_1_45' title='bbox 288 335 342 377; x_wconf 86' lang='lat' dir='ltr'>ad</span> <span class='ocrx_word' id='word_1_46' title='bbox 370 338 446 377; x_wconf 93' lang='lat' dir='ltr'>ZB</span> <span class='ocrx_word' id='word_1_47' title='bbox 473 334 689 390; x_wconf 86' lang='lat' dir='ltr'>diapason.</span> <span class='ocrx_word' id='word_1_48' title='bbox 726 334 875 390; x_wconf 85' lang='lat' dir='ltr'>itaque</span> <span class='ocrx_word' id='word_1_49' title='bbox 898 338 973 377; x_wconf 92' lang='lat' dir='ltr'>ZB</span> <span class='ocrx_word' id='word_1_50' title='bbox 1001 338 1066 377; x_wconf 91' lang='lat' dir='ltr'>est</span> <span class='ocrx_word' id='word_1_51' title='bbox 1091 338 1189 377; x_wconf 86' lang='lat' dir='ltr'>nete</span> <span class='ocrx_word' id='word_1_52' title='bbox 1215 350 1385 390; x_wconf 92' lang='lat' dir='ltr'>synem-</span> 
     </span>
     <span class='ocr_line' id='line_1_12' title="bbox 30 400 1384 455; baseline -0.001 -11"><span class='ocrx_word' id='word_1_53' title='bbox 30 414 199 446; x_wconf 74' lang='lat' dir='ltr'>¹menon.</span> <span class='ocrx_word' id='word_1_54' title='bbox 239 400 399 442; x_wconf 84' lang='lat' dir='ltr'>abstuli</span> <span class='ocrx_word' id='word_1_55' title='bbox 418 401 470 442; x_wconf 89' lang='lat' dir='ltr'>ab</span> <span class='ocrx_word' id='word_1_56' title='bbox 492 402 574 442; x_wconf 85' lang='lat' dir='ltr'>AB</span> <span class='ocrx_word' id='word_1_57' title='bbox 595 400 768 442; x_wconf 86' lang='lat' dir='ltr'>tertiam</span> <span class='ocrx_word' id='word_1_58' title='bbox 793 402 962 455; x_wconf 88' lang='lat' dir='ltr'>partem</span> <span class='ocrx_word' id='word_1_59' title='bbox 982 402 1083 442; x_wconf 86' lang='lat' dir='ltr'>AH.</span> <span class='ocrx_word' id='word_1_60' title='bbox 1122 402 1165 442; x_wconf 82' lang='lat' dir='ltr'>et</span> <span class='ocrx_word' id='word_1_61' title='bbox 1196 400 1278 442; x_wconf 87' lang='lat' dir='ltr'>erit</span> <span class='ocrx_word' id='word_1_62' title='bbox 1303 403 1384 442; x_wconf 85' lang='lat' dir='ltr'>AB</span> 
     </span>
     <span class='ocr_line' id='line_1_13' title="bbox 29 463 1386 521; baseline 0.001 -16"><span class='ocrx_word' id='word_1_63' title='bbox 29 463 208 514; x_wconf 61' lang='lat' dir='ltr'>*dimidia</span> <span class='ocrx_word' id='word_1_64' title='bbox 240 468 361 521; x_wconf 86' lang='lat' dir='ltr'>parte</span> <span class='ocrx_word' id='word_1_65' title='bbox 386 465 526 507; x_wconf 81' lang='lat' dir='ltr'>maior</span> <span class='ocrx_word' id='word_1_66' title='bbox 552 480 680 520; x_wconf 89' lang='lat' dir='ltr'>quam</span> <span class='ocrx_word' id='word_1_67' title='bbox 706 468 800 521; x_wconf 88' lang='grc' dir='ltr'>ΗΒ,</span> <span class='ocrx_word' id='word_1_68' title='bbox 824 465 889 507; x_wconf 85' lang='lat' dir='ltr'>ita</span> <span class='ocrx_word' id='word_1_69' title='bbox 913 468 962 507; x_wconf 90' lang='lat' dir='ltr'>ut</span> <span class='ocrx_word' id='word_1_70' title='bbox 987 468 1069 507; x_wconf 86' lang='lat' dir='ltr'>AB</span> <span class='ocrx_word' id='word_1_71' title='bbox 1096 468 1305 508; x_wconf 90' lang='lat' dir='ltr'>consonet</span> <span class='ocrx_word' id='word_1_72' title='bbox 1332 465 1386 507; x_wconf 90' lang='lat' dir='ltr'>ad</span> 
     </span>
     <span class='ocr_line' id='line_1_14' title="bbox 28 519 1383 587; baseline 0 -15"><span class='ocrx_word' id='word_1_73' title='bbox 28 519 116 577; x_wconf 70' lang='grc' dir='ltr'>ἩΒ</span> <span class='ocrx_word' id='word_1_74' title='bbox 154 531 200 573; x_wconf 91' lang='lat' dir='ltr'>in</span> <span class='ocrx_word' id='word_1_75' title='bbox 238 531 448 586; x_wconf 74' lang='lat' dir='ltr'>diapente.</span> <span class='ocrx_word' id='word_1_76' title='bbox 497 530 644 586; x_wconf 83' lang='lat' dir='ltr'>itaque</span> <span class='ocrx_word' id='word_1_77' title='bbox 664 533 747 572; x_wconf 88' lang='grc' dir='ltr'>ΗΒ</span> <span class='ocrx_word' id='word_1_78' title='bbox 782 534 881 573; x_wconf 87' lang='lat' dir='ltr'>nete</span> <span class='ocrx_word' id='word_1_79' title='bbox 919 530 1002 573; x_wconf 91' lang='lat' dir='ltr'>erit</span> <span class='ocrx_word' id='word_1_80' title='bbox 1036 530 1383 587; x_wconf 84' lang='lat' dir='ltr'>diezeugmenon.</span> 
     </span>
     <span class='ocr_line' id='line_1_15' title="bbox 27 596 1385 655; baseline -0.001 -15"><span class='ocrx_word' id='word_1_81' title='bbox 27 596 157 655; x_wconf 29' lang='lat' dir='ltr'>*posui</span> <span class='ocrx_word' id='word_1_82' title='bbox 183 599 272 639; x_wconf 92' lang='grc' dir='ltr'>ΗΘ</span> <span class='ocrx_word' id='word_1_83' title='bbox 290 618 334 630; x_wconf 96' lang='lat'><strong><em>=</em></strong></span> <span class='ocrx_word' id='word_1_84' title='bbox 355 599 452 651; x_wconf 87' lang='grc' dir='ltr'>ΗΒ,</span> <span class='ocrx_word' id='word_1_85' title='bbox 477 596 540 638; x_wconf 88' lang='lat' dir='ltr'>ita</span> <span class='ocrx_word' id='word_1_86' title='bbox 564 598 613 638; x_wconf 91' lang='lat' dir='ltr'>ut</span> <span class='ocrx_word' id='word_1_87' title='bbox 641 599 717 638; x_wconf 92' lang='grc' dir='ltr'>ΘΒ</span> <span class='ocrx_word' id='word_1_88' title='bbox 745 596 797 638; x_wconf 87' lang='lat' dir='ltr'>ad</span> <span class='ocrx_word' id='word_1_89' title='bbox 814 598 899 638; x_wconf 91' lang='grc' dir='ltr'>ΗΒ</span> <span class='ocrx_word' id='word_1_90' title='bbox 932 599 1138 638; x_wconf 76' lang='lat' dir='ltr'>consonet</span> <span class='ocrx_word' id='word_1_91' title='bbox 1167 596 1385 652; x_wconf 82' lang='lat' dir='ltr'>diapason.</span> 
     </span>
     <span class='ocr_line' id='line_1_16' title="bbox 24 659 1386 718; baseline -0.001 -13"><span class='ocrx_word' id='word_1_92' title='bbox 24 659 176 718; x_wconf 75' lang='lat' dir='ltr'>‘itaque</span> <span class='ocrx_word' id='word_1_93' title='bbox 206 665 282 705; x_wconf 92' lang='grc' dir='ltr'>ΘΒ</span> <span class='ocrx_word' id='word_1_94' title='bbox 307 665 374 704; x_wconf 90' lang='lat' dir='ltr'>est</span> <span class='ocrx_word' id='word_1_95' title='bbox 397 662 556 718; x_wconf 86' lang='lat' dir='ltr'>hypate</span> <span class='ocrx_word' id='word_1_96' title='bbox 584 676 743 704; x_wconf 88' lang='lat' dir='ltr'>meson.</span> <span class='ocrx_word' id='word_1_97' title='bbox 794 662 960 717; x_wconf 90' lang='lat' dir='ltr'>sumpsi</span> <span class='ocrx_word' id='word_1_98' title='bbox 986 661 1274 718; x_wconf 74' lang='lat' dir='ltr'>longitudinis</span> <span class='ocrx_word' id='word_1_99' title='bbox 1309 664 1386 704; x_wconf 94' lang='grc' dir='ltr'>ΘΒ</span> 
     </span>
     <span class='ocr_line' id='line_1_17' title="bbox 23 727 1387 786; baseline 0.001 -17"><span class='ocrx_word' id='word_1_100' title='bbox 23 728 205 786; x_wconf 71' lang='lat' dir='ltr'>1tertiam</span> <span class='ocrx_word' id='word_1_101' title='bbox 241 731 407 783; x_wconf 87' lang='lat' dir='ltr'>partem</span> <span class='ocrx_word' id='word_1_102' title='bbox 442 730 535 770; x_wconf 93' lang='grc' dir='ltr'>ΘΚ.</span> <span class='ocrx_word' id='word_1_103' title='bbox 580 731 623 774; x_wconf 87' lang='lat' dir='ltr'>et</span> <span class='ocrx_word' id='word_1_104' title='bbox 661 727 742 770; x_wconf 92' lang='lat' dir='ltr'>erit</span> <span class='ocrx_word' id='word_1_105' title='bbox 776 730 854 770; x_wconf 91' lang='grc' dir='ltr'>ΘΒ</span> <span class='ocrx_word' id='word_1_106' title='bbox 893 727 1070 770; x_wconf 86' lang='lat' dir='ltr'>dimidia</span> <span class='ocrx_word' id='word_1_107' title='bbox 1095 730 1218 783; x_wconf 86' lang='lat' dir='ltr'>parte</span> <span class='ocrx_word' id='word_1_108' title='bbox 1247 727 1387 770; x_wconf 84' lang='lat' dir='ltr'>maior</span> 
     </span>
     <span class='ocr_line' id='line_1_18' title="bbox 20 793 1385 854; baseline 0.001 -19"><span class='ocrx_word' id='word_1_109' title='bbox 20 795 159 854; x_wconf 42' lang='lat' dir='ltr'>{Quam</span> <span class='ocrx_word' id='word_1_110' title='bbox 181 795 272 846; x_wconf 88' lang='grc' dir='ltr'>ΚΒ,</span> <span class='ocrx_word' id='word_1_111' title='bbox 296 794 359 836; x_wconf 89' lang='lat' dir='ltr'>ita</span> <span class='ocrx_word' id='word_1_112' title='bbox 384 796 434 836; x_wconf 83' lang='lat' dir='ltr'>ut</span> <span class='ocrx_word' id='word_1_113' title='bbox 453 796 535 836; x_wconf 93' lang='lat' dir='ltr'>KB</span> <span class='ocrx_word' id='word_1_114' title='bbox 561 793 619 836; x_wconf 88' lang='lat' dir='ltr'>sit</span> <span class='ocrx_word' id='word_1_115' title='bbox 644 807 912 848; x_wconf 81' lang='lat' dir='ltr'>paramesen.</span> <span class='ocrx_word' id='word_1_116' title='bbox 945 793 1107 835; x_wconf 88' lang='lat' dir='ltr'>abstuli</span> <span class='ocrx_word' id='word_1_117' title='bbox 1133 796 1223 836; x_wconf 89' lang='grc' dir='ltr'>ΛΚ</span> <span class='ocrx_word' id='word_1_118' title='bbox 1238 815 1283 827; x_wconf 90' lang='lat'><strong><em>=</em></strong></span> <span class='ocrx_word' id='word_1_119' title='bbox 1304 795 1385 836; x_wconf 91' lang='grc' dir='ltr'>ΚΒ</span> 
     </span>
     <span class='ocr_line' id='line_1_19' title="bbox 20 856 1383 916; baseline -0.001 -14"><span class='ocrx_word' id='word_1_120' title='bbox 20 856 78 903; x_wconf 61' lang='grc' dir='ltr'>’ἐὺ</span> <span class='ocrx_word' id='word_1_121' title='bbox 99 859 172 902; x_wconf 89' lang='lat' dir='ltr'>fiet</span> <span class='ocrx_word' id='word_1_122' title='bbox 198 862 276 902; x_wconf 90' lang='lat' dir='ltr'>AB</span> <span class='ocrx_word' id='word_1_123' title='bbox 301 859 458 916; x_wconf 86' lang='lat' dir='ltr'>hypate</span> <span class='ocrx_word' id='word_1_124' title='bbox 492 859 645 916; x_wconf 87' lang='lat' dir='ltr'>gravis.</span> <span class='ocrx_word' id='word_1_125' title='bbox 695 873 799 915; x_wconf 86' lang='lat' dir='ltr'>ergo</span> <span class='ocrx_word' id='word_1_126' title='bbox 832 859 963 901; x_wconf 86' lang='lat' dir='ltr'>sumti</span> <span class='ocrx_word' id='word_1_127' title='bbox 994 862 1118 901; x_wconf 91' lang='lat' dir='ltr'>erunt</span> <span class='ocrx_word' id='word_1_128' title='bbox 1149 860 1195 901; x_wconf 89' lang='lat' dir='ltr'>in</span> <span class='ocrx_word' id='word_1_129' title='bbox 1221 874 1383 903; x_wconf 84' lang='lat' dir='ltr'>canone</span> 
     </span>
     <span class='ocr_line' id='line_1_20' title="bbox 17 924 1038 981; baseline -0.002 -13"><span class='ocrx_word' id='word_1_130' title='bbox 17 938 179 969; x_wconf 65' lang='lat' dir='ltr'>:omnes</span> <span class='ocrx_word' id='word_1_131' title='bbox 205 925 301 967; x_wconf 90' lang='lat' dir='ltr'>soni</span> <span class='ocrx_word' id='word_1_132' title='bbox 326 928 488 968; x_wconf 82' lang='lat' dir='ltr'>stantes</span> <span class='ocrx_word' id='word_1_133' title='bbox 516 924 763 981; x_wconf 73' lang='lat' dir='ltr'>systematis</span> <span class='ocrx_word' id='word_1_134' title='bbox 789 924 1038 967; x_wconf 86' lang='lat' dir='ltr'>immobilis.</span> 
     </span>
    </p>
   </div>
   <div class='ocr_carea' id='block_1_4' title="bbox 657 1025 750 1069">
    <p class='ocr_par' dir='ltr' id='par_1_4' title="bbox 657 1025 750 1069">
     <span class='ocr_line' id='line_1_21' title="bbox 657 1025 750 1069; baseline 0.011 -1"><span class='ocrx_word' id='word_1_135' title='bbox 657 1025 750 1069; x_wconf 90' lang='lat' dir='ltr'>XX.</span> 
     </span>
    </p>
   </div>
   <div class='ocr_carea' id='block_1_5' title="bbox 0 1096 1386 2068">
    <p class='ocr_par' dir='ltr' id='par_1_5' title="bbox 50 1096 895 1153">
     <span class='ocr_line' id='line_1_22' title="bbox 50 1096 895 1153; baseline 0.001 -13"><span class='ocrx_word' id='word_1_136' title='bbox 50 1107 51 1110; x_wconf 76' lang='grc'>’</span> <span class='ocrx_word' id='word_1_137' title='bbox 89 1096 181 1140; x_wconf 83' lang='lat' dir='ltr'>Iam</span> <span class='ocrx_word' id='word_1_138' title='bbox 205 1100 351 1153; x_wconf 84' lang='lat' dir='ltr'>restat,</span> <span class='ocrx_word' id='word_1_139' title='bbox 379 1100 429 1140; x_wconf 92' lang='lat' dir='ltr'>ut</span> <span class='ocrx_word' id='word_1_140' title='bbox 455 1098 636 1141; x_wconf 87' lang='lat' dir='ltr'>mobiles</span> <span class='ocrx_word' id='word_1_141' title='bbox 662 1113 895 1141; x_wconf 74' lang='lat' dir='ltr'>sumamus,</span> 
     </span>
    </p>

    <p class='ocr_par' dir='ltr' id='par_1_6' title="bbox 0 1163 1386 2068">
     <span class='ocr_line' id='line_1_23' title="bbox 92 1163 1386 1220; baseline 0.002 -15"><span class='ocrx_word' id='word_1_142' title='bbox 92 1163 217 1206; x_wconf 90' lang='lat' dir='ltr'>divisi</span> <span class='ocrx_word' id='word_1_143' title='bbox 243 1167 321 1206; x_wconf 90' lang='grc' dir='ltr'>ΕΒ</span> <span class='ocrx_word' id='word_1_144' title='bbox 353 1164 398 1206; x_wconf 93' lang='lat' dir='ltr'>in</span> <span class='ocrx_word' id='word_1_145' title='bbox 431 1167 529 1207; x_wconf 86' lang='lat' dir='ltr'>octo</span> <span class='ocrx_word' id='word_1_146' title='bbox 560 1167 704 1220; x_wconf 74' lang='lat' dir='ltr'>partes</span> <span class='ocrx_word' id='word_1_147' title='bbox 737 1164 936 1220; x_wconf 87' lang='lat' dir='ltr'>aequales</span> <span class='ocrx_word' id='word_1_148' title='bbox 969 1167 1013 1206; x_wconf 95' lang='lat' dir='ltr'>et</span> <span class='ocrx_word' id='word_1_149' title='bbox 1042 1163 1118 1206; x_wconf 91' lang='lat' dir='ltr'>uni</span> <span class='ocrx_word' id='word_1_150' title='bbox 1145 1179 1292 1207; x_wconf 88' lang='lat' dir='ltr'>earum</span> <span class='ocrx_word' id='word_1_151' title='bbox 1318 1179 1386 1207; x_wconf 86' lang='lat' dir='ltr'>ae-</span> 
     </span>
     <span class='ocr_line' id='line_1_24' title="bbox 34 1229 1385 1295; baseline 0.001 -24"><span class='ocrx_word' id='word_1_152' title='bbox 34 1229 202 1295; x_wconf 75' lang='lat' dir='ltr'>qualem</span> <span class='ocrx_word' id='word_1_153' title='bbox 226 1230 353 1285; x_wconf 88' lang='lat' dir='ltr'>posui</span> <span class='ocrx_word' id='word_1_154' title='bbox 379 1233 488 1285; x_wconf 84' lang='lat' dir='ltr'>EM,</span> <span class='ocrx_word' id='word_1_155' title='bbox 521 1230 583 1272; x_wconf 91' lang='lat' dir='ltr'>ita</span> <span class='ocrx_word' id='word_1_156' title='bbox 617 1232 665 1271; x_wconf 91' lang='lat' dir='ltr'>ut</span> <span class='ocrx_word' id='word_1_157' title='bbox 694 1233 781 1272; x_wconf 92' lang='grc' dir='ltr'>ΜΒ</span> <span class='ocrx_word' id='word_1_158' title='bbox 815 1232 967 1273; x_wconf 85' lang='lat' dir='ltr'>octava</span> <span class='ocrx_word' id='word_1_159' title='bbox 997 1232 1120 1285; x_wconf 89' lang='lat' dir='ltr'>parte</span> <span class='ocrx_word' id='word_1_160' title='bbox 1145 1230 1284 1272; x_wconf 86' lang='lat' dir='ltr'>maior</span> <span class='ocrx_word' id='word_1_161' title='bbox 1307 1230 1385 1272; x_wconf 90' lang='lat' dir='ltr'>fiat</span> 
     </span>
     <span class='ocr_line' id='line_1_25' title="bbox 34 1295 1384 1352; baseline 0.001 -15"><span class='ocrx_word' id='word_1_162' title='bbox 34 1303 160 1351; x_wconf 68' lang='lat' dir='ltr'>&#39;guam</span> <span class='ocrx_word' id='word_1_163' title='bbox 178 1298 269 1338; x_wconf 91' lang='grc' dir='ltr'>ΕΒ.</span> <span class='ocrx_word' id='word_1_164' title='bbox 313 1298 355 1338; x_wconf 90' lang='lat' dir='ltr'>et</span> <span class='ocrx_word' id='word_1_165' title='bbox 379 1310 527 1338; x_wconf 82' lang='lat' dir='ltr'>rursus</span> <span class='ocrx_word' id='word_1_166' title='bbox 555 1295 691 1338; x_wconf 88' lang='lat' dir='ltr'>diviso</span> <span class='ocrx_word' id='word_1_167' title='bbox 713 1298 803 1339; x_wconf 94' lang='grc' dir='ltr'>ΜΒ</span> <span class='ocrx_word' id='word_1_168' title='bbox 823 1295 868 1338; x_wconf 91' lang='lat' dir='ltr'>in</span> <span class='ocrx_word' id='word_1_169' title='bbox 896 1298 992 1338; x_wconf 90' lang='lat' dir='ltr'>octo</span> <span class='ocrx_word' id='word_1_170' title='bbox 1018 1299 1164 1352; x_wconf 86' lang='lat' dir='ltr'>partes</span> <span class='ocrx_word' id='word_1_171' title='bbox 1184 1295 1384 1351; x_wconf 81' lang='lat' dir='ltr'>aequales</span> 
     </span>
     <span class='ocr_line' id='line_1_26' title="bbox 7 1360 1385 1419; baseline 0.001 -17"><span class='ocrx_word' id='word_1_172' title='bbox 7 1396 10 1403; x_wconf 79' lang='grc'>,</span> <span class='ocrx_word' id='word_1_173' title='bbox 31 1360 106 1411; x_wconf 63' lang='lat' dir='ltr'>imi</span> <span class='ocrx_word' id='word_1_174' title='bbox 131 1375 276 1403; x_wconf 88' lang='lat' dir='ltr'>earum</span> <span class='ocrx_word' id='word_1_175' title='bbox 302 1361 523 1417; x_wconf 86' lang='lat' dir='ltr'>aequalem</span> <span class='ocrx_word' id='word_1_176' title='bbox 543 1363 671 1417; x_wconf 91' lang='lat' dir='ltr'>posui</span> <span class='ocrx_word' id='word_1_177' title='bbox 690 1364 805 1417; x_wconf 90' lang='lat' dir='ltr'>NM;</span> <span class='ocrx_word' id='word_1_178' title='bbox 830 1365 935 1404; x_wconf 89' lang='lat' dir='ltr'>tono</span> <span class='ocrx_word' id='word_1_179' title='bbox 954 1361 1091 1419; x_wconf 83' lang='lat' dir='ltr'>igitur</span> <span class='ocrx_word' id='word_1_180' title='bbox 1110 1362 1284 1418; x_wconf 85' lang='lat' dir='ltr'>gravior</span> <span class='ocrx_word' id='word_1_181' title='bbox 1303 1362 1385 1404; x_wconf 90' lang='lat' dir='ltr'>erit</span> 
     </span>
     <span class='ocr_line' id='line_1_27' title="bbox 5 1426 1384 1486; baseline 0.001 -18"><span class='ocrx_word' id='word_1_182' title='bbox 5 1476 8 1486; x_wconf 32' lang='grc' dir='ltr'><em>ι</em></span> <span class='ocrx_word' id='word_1_183' title='bbox 29 1426 115 1481; x_wconf 49' lang='grc' dir='ltr'>ἸΝΒ</span> <span class='ocrx_word' id='word_1_184' title='bbox 136 1440 265 1481; x_wconf 90' lang='lat' dir='ltr'>quam</span> <span class='ocrx_word' id='word_1_185' title='bbox 290 1429 393 1482; x_wconf 92' lang='grc' dir='ltr'>ΒΜ,</span> <span class='ocrx_word' id='word_1_186' title='bbox 411 1430 502 1469; x_wconf 85' lang='lat' dir='ltr'>MB</span> <span class='ocrx_word' id='word_1_187' title='bbox 523 1430 666 1469; x_wconf 88' lang='lat' dir='ltr'>autem</span> <span class='ocrx_word' id='word_1_188' title='bbox 688 1442 818 1483; x_wconf 87' lang='lat' dir='ltr'>quam</span> <span class='ocrx_word' id='word_1_189' title='bbox 838 1430 927 1483; x_wconf 90' lang='grc' dir='ltr'>ΒΕ,</span> <span class='ocrx_word' id='word_1_190' title='bbox 953 1427 1015 1470; x_wconf 83' lang='lat' dir='ltr'>ita</span> <span class='ocrx_word' id='word_1_191' title='bbox 1034 1430 1083 1469; x_wconf 93' lang='lat' dir='ltr'>ut</span> <span class='ocrx_word' id='word_1_192' title='bbox 1103 1427 1160 1470; x_wconf 92' lang='lat' dir='ltr'>sit</span> <span class='ocrx_word' id='word_1_193' title='bbox 1180 1430 1263 1470; x_wconf 95' lang='grc' dir='ltr'>ΝΒ</span> <span class='ocrx_word' id='word_1_194' title='bbox 1283 1428 1384 1470; x_wconf 89' lang='lat' dir='ltr'>trite</span> 
     </span>
     <span class='ocr_line' id='line_1_28' title="bbox 0 1487 1384 1565; baseline 0.001 -32"><span class='ocrx_word' id='word_1_195' title='bbox 0 1487 7 1565; x_wconf 48' lang='grc' dir='ltr'><em>ἑ</em></span> <span class='ocrx_word' id='word_1_196' title='bbox 28 1492 362 1550; x_wconf 43' lang='lat' dir='ltr'>&#39;Jyperbolaeom</span> <span class='ocrx_word' id='word_1_197' title='bbox 388 1493 482 1535; x_wconf 88' lang='grc' dir='ltr'>ΜΒ</span> <span class='ocrx_word' id='word_1_198' title='bbox 501 1507 602 1535; x_wconf 84' lang='lat' dir='ltr'>vero</span> <span class='ocrx_word' id='word_1_199' title='bbox 623 1492 946 1549; x_wconf 82' lang='lat' dir='ltr'>hyperbolaeon</span> <span class='ocrx_word' id='word_1_200' title='bbox 971 1493 1180 1535; x_wconf 80' lang='lat' dir='ltr'>diatonos.</span> <span class='ocrx_word' id='word_1_201' title='bbox 1218 1493 1384 1549; x_wconf 92' lang='lat' dir='ltr'>sumpsi</span> 
     </span>
     <span class='ocr_line' id='line_1_29' title="bbox 28 1557 1383 1614; baseline 0.001 -14"><span class='ocrx_word' id='word_1_202' title='bbox 28 1557 311 1614; x_wconf 40' lang='lat' dir='ltr'>Qongitudinis</span> <span class='ocrx_word' id='word_1_203' title='bbox 338 1561 421 1601; x_wconf 92' lang='lat' dir='ltr'>NB</span> <span class='ocrx_word' id='word_1_204' title='bbox 447 1559 619 1601; x_wconf 86' lang='lat' dir='ltr'>tertiam</span> <span class='ocrx_word' id='word_1_205' title='bbox 645 1561 811 1614; x_wconf 86' lang='lat' dir='ltr'>partem</span> <span class='ocrx_word' id='word_1_206' title='bbox 831 1561 874 1601; x_wconf 88' lang='lat' dir='ltr'>et</span> <span class='ocrx_word' id='word_1_207' title='bbox 897 1559 1020 1614; x_wconf 90' lang='lat' dir='ltr'>posui</span> <span class='ocrx_word' id='word_1_208' title='bbox 1039 1558 1134 1613; x_wconf 84' lang='grc' dir='ltr'>ΝΞ,</span> <span class='ocrx_word' id='word_1_209' title='bbox 1158 1559 1222 1602; x_wconf 86' lang='lat' dir='ltr'>ita</span> <span class='ocrx_word' id='word_1_210' title='bbox 1240 1561 1289 1602; x_wconf 91' lang='lat' dir='ltr'>ut</span> <span class='ocrx_word' id='word_1_211' title='bbox 1308 1558 1383 1608; x_wconf 92' lang='grc' dir='ltr'>ΞΒ</span> 
     </span>
     <span class='ocr_line' id='line_1_30' title="bbox 0 1618 1384 1682; baseline 0.002 -18"><span class='ocrx_word' id='word_1_212' title='bbox 0 1622 5 1649; x_wconf 65' lang='lat'><em>²</em></span> <span class='ocrx_word' id='word_1_213' title='bbox 27 1618 157 1664; x_wconf 60' lang='grc' dir='ltr'>’Ψϊὴίἣ</span> <span class='ocrx_word' id='word_1_214' title='bbox 180 1625 302 1679; x_wconf 86' lang='lat' dir='ltr'>parte</span> <span class='ocrx_word' id='word_1_215' title='bbox 329 1624 467 1666; x_wconf 90' lang='lat' dir='ltr'>maior</span> <span class='ocrx_word' id='word_1_216' title='bbox 492 1624 552 1666; x_wconf 91' lang='lat' dir='ltr'>sit</span> <span class='ocrx_word' id='word_1_217' title='bbox 577 1638 704 1679; x_wconf 86' lang='lat' dir='ltr'>quam</span> <span class='ocrx_word' id='word_1_218' title='bbox 731 1626 817 1666; x_wconf 93' lang='grc' dir='ltr'>ΝΒ</span> <span class='ocrx_word' id='word_1_219' title='bbox 844 1628 887 1667; x_wconf 89' lang='lat' dir='ltr'>et</span> <span class='ocrx_word' id='word_1_220' title='bbox 914 1624 1181 1667; x_wconf 86' lang='lat' dir='ltr'>diatessaron</span> <span class='ocrx_word' id='word_1_221' title='bbox 1207 1625 1262 1667; x_wconf 89' lang='lat' dir='ltr'>ad</span> <span class='ocrx_word' id='word_1_222' title='bbox 1279 1624 1384 1682; x_wconf 56' lang='lat' dir='ltr'>’gra-</span> 
     </span>
     <span class='ocr_line' id='line_1_31' title="bbox 0 1686 1384 1746; baseline 0.002 -16"><span class='ocrx_word' id='word_1_223' title='bbox 0 1701 2 1705; x_wconf 73' lang='lat'><em>&#39;</em></span> <span class='ocrx_word' id='word_1_224' title='bbox 25 1679 208 1740; x_wconf 53' lang='lat' dir='ltr'>f&#39;tatem</span> <span class='ocrx_word' id='word_1_225' title='bbox 234 1691 442 1731; x_wconf 81' lang='lat' dir='ltr'>consonet</span> <span class='ocrx_word' id='word_1_226' title='bbox 460 1691 503 1732; x_wconf 91' lang='lat' dir='ltr'>et</span> <span class='ocrx_word' id='word_1_227' title='bbox 522 1688 597 1738; x_wconf 92' lang='grc' dir='ltr'>ΞΒ</span> <span class='ocrx_word' id='word_1_228' title='bbox 617 1690 694 1732; x_wconf 90' lang='lat' dir='ltr'>fiat</span> <span class='ocrx_word' id='word_1_229' title='bbox 714 1691 815 1732; x_wconf 83' lang='lat' dir='ltr'>trite</span> <span class='ocrx_word' id='word_1_230' title='bbox 843 1689 1191 1746; x_wconf 87' lang='lat' dir='ltr'>diezeugmenon.</span> <span class='ocrx_word' id='word_1_231' title='bbox 1233 1705 1384 1733; x_wconf 86' lang='lat' dir='ltr'>rursus</span> 
     </span>
     <span class='ocr_line' id='line_1_32' title="bbox 26 1753 1385 1812; baseline 0.006 -21"><span class='ocrx_word' id='word_1_232' title='bbox 26 1753 315 1811; x_wconf 81' lang='lat' dir='ltr'>··ngitudinis</span> <span class='ocrx_word' id='word_1_233' title='bbox 341 1753 416 1803; x_wconf 93' lang='grc' dir='ltr'>ΞΒ</span> <span class='ocrx_word' id='word_1_234' title='bbox 443 1758 583 1797; x_wconf 89' lang='lat' dir='ltr'>sumta</span> <span class='ocrx_word' id='word_1_235' title='bbox 617 1755 794 1798; x_wconf 88' lang='lat' dir='ltr'>dimidia</span> <span class='ocrx_word' id='word_1_236' title='bbox 826 1758 949 1810; x_wconf 88' lang='lat' dir='ltr'>parte</span> <span class='ocrx_word' id='word_1_237' title='bbox 973 1755 1101 1811; x_wconf 91' lang='lat' dir='ltr'>posui</span> <span class='ocrx_word' id='word_1_238' title='bbox 1127 1754 1217 1812; x_wconf 91' lang='grc' dir='ltr'>ΞΟ,</span> <span class='ocrx_word' id='word_1_239' title='bbox 1247 1756 1310 1799; x_wconf 86' lang='lat' dir='ltr'>ita</span> <span class='ocrx_word' id='word_1_240' title='bbox 1336 1759 1385 1799; x_wconf 87' lang='lat' dir='ltr'>ut</span> 
     </span>
     <span class='ocr_line' id='line_1_33' title="bbox 26 1817 1385 1878; baseline 0.002 -17"><span class='ocrx_word' id='word_1_241' title='bbox 26 1822 51 1853; x_wconf 45' lang='grc' dir='ltr'>’ἒ</span> <span class='ocrx_word' id='word_1_242' title='bbox 65 1817 227 1875; x_wconf 66' lang='lat' dir='ltr'>&#39;apente</span> <span class='ocrx_word' id='word_1_243' title='bbox 247 1825 455 1862; x_wconf 81' lang='lat' dir='ltr'>consonet</span> <span class='ocrx_word' id='word_1_244' title='bbox 477 1822 553 1862; x_wconf 91' lang='lat' dir='ltr'>OB</span> <span class='ocrx_word' id='word_1_245' title='bbox 575 1819 628 1862; x_wconf 87' lang='lat' dir='ltr'>ad</span> <span class='ocrx_word' id='word_1_246' title='bbox 648 1820 733 1869; x_wconf 88' lang='grc' dir='ltr'>ΞΒ.</span> <span class='ocrx_word' id='word_1_247' title='bbox 771 1821 920 1876; x_wconf 90' lang='lat' dir='ltr'>itaque</span> <span class='ocrx_word' id='word_1_248' title='bbox 942 1824 1024 1864; x_wconf 90' lang='lat' dir='ltr'>OB</span> <span class='ocrx_word' id='word_1_249' title='bbox 1045 1821 1128 1864; x_wconf 89' lang='lat' dir='ltr'>erit</span> <span class='ocrx_word' id='word_1_250' title='bbox 1145 1821 1385 1878; x_wconf 83' lang='lat' dir='ltr'>parhypate</span> 
     </span>
     <span class='ocr_line' id='line_1_34' title="bbox 47 1885 1384 1943; baseline 0.003 -17"><span class='ocrx_word' id='word_1_251' title='bbox 47 1898 192 1926; x_wconf 69' lang='lat' dir='ltr'>¹ueson.</span> <span class='ocrx_word' id='word_1_252' title='bbox 236 1887 279 1927; x_wconf 85' lang='lat' dir='ltr'>et</span> <span class='ocrx_word' id='word_1_253' title='bbox 302 1885 430 1941; x_wconf 88' lang='lat' dir='ltr'>posui</span> <span class='ocrx_word' id='word_1_254' title='bbox 458 1888 552 1928; x_wconf 89' lang='grc' dir='ltr'>ΟΠ</span> <span class='ocrx_word' id='word_1_255' title='bbox 568 1907 612 1920; x_wconf 89' lang='grc'>--</span> <span class='ocrx_word' id='word_1_256' title='bbox 633 1885 728 1941; x_wconf 85' lang='grc' dir='ltr'>ΞΟ,</span> <span class='ocrx_word' id='word_1_257' title='bbox 761 1886 824 1928; x_wconf 85' lang='lat' dir='ltr'>ita</span> <span class='ocrx_word' id='word_1_258' title='bbox 855 1889 904 1929; x_wconf 90' lang='lat' dir='ltr'>ut</span> <span class='ocrx_word' id='word_1_259' title='bbox 927 1887 1005 1930; x_wconf 88' lang='lat' dir='ltr'>fiat</span> <span class='ocrx_word' id='word_1_260' title='bbox 1029 1889 1120 1929; x_wconf 93' lang='grc' dir='ltr'>ΠΒ</span> <span class='ocrx_word' id='word_1_261' title='bbox 1146 1887 1384 1943; x_wconf 81' lang='lat' dir='ltr'>parhypate</span> 
     </span>
     <span class='ocr_line' id='line_1_35' title="bbox 34 1949 1385 2008; baseline 0.003 -17"><span class='ocrx_word' id='word_1_262' title='bbox 34 1952 234 2005; x_wconf 55' lang='lat' dir='ltr'>nypaton.</span> <span class='ocrx_word' id='word_1_263' title='bbox 277 1949 365 1992; x_wconf 91' lang='lat' dir='ltr'>iam</span> <span class='ocrx_word' id='word_1_264' title='bbox 391 1951 556 2007; x_wconf 89' lang='lat' dir='ltr'>sumpsi</span> <span class='ocrx_word' id='word_1_265' title='bbox 580 1951 859 2008; x_wconf 85' lang='lat' dir='ltr'>longitudinis</span> <span class='ocrx_word' id='word_1_266' title='bbox 885 1954 970 1995; x_wconf 94' lang='grc' dir='ltr'>ΒΓ</span> <span class='ocrx_word' id='word_1_267' title='bbox 995 1956 1191 2008; x_wconf 84' lang='lat' dir='ltr'>quartam</span> <span class='ocrx_word' id='word_1_268' title='bbox 1215 1955 1385 2008; x_wconf 89' lang='lat' dir='ltr'>partem</span> 
     </span>
     <span class='ocr_line' id='line_1_36' title="bbox 32 2015 886 2068; baseline 0.004 -12"><span class='ocrx_word' id='word_1_269' title='bbox 32 2015 46 2050; x_wconf 65' lang='lat' dir='ltr'>&#39;s</span> <span class='ocrx_word' id='word_1_270' title='bbox 72 2016 117 2068; x_wconf 92' lang='lat' dir='ltr'>P,</span> <span class='ocrx_word' id='word_1_271' title='bbox 142 2015 204 2057; x_wconf 85' lang='lat' dir='ltr'>ita</span> <span class='ocrx_word' id='word_1_272' title='bbox 228 2018 277 2057; x_wconf 92' lang='lat' dir='ltr'>ut</span> <span class='ocrx_word' id='word_1_273' title='bbox 300 2016 377 2058; x_wconf 89' lang='lat' dir='ltr'>fiat</span> <span class='ocrx_word' id='word_1_274' title='bbox 401 2018 475 2059; x_wconf 93' lang='grc' dir='ltr'>ΡΒ</span> <span class='ocrx_word' id='word_1_275' title='bbox 501 2031 650 2060; x_wconf 91' lang='lat' dir='ltr'>meson</span> <span class='ocrx_word' id='word_1_276' title='bbox 676 2017 886 2060; x_wconf 86' lang='lat' dir='ltr'>diatonos.</span> 
     </span>
    </p>
   </div>
   <div class='ocr_carea' id='block_1_6' title="bbox 10 1712 1383 2450">
    <p class='ocr_par' dir='ltr' id='par_1_7' title="bbox 10 1712 1383 2450">
     <span class='ocr_line' id='line_1_37' title="bbox 24 1712 76 1787; baseline 0 -63"><span class='ocrx_word' id='word_1_277' title='bbox 24 1712 76 1787; x_wconf 95' lang='lat' dir='ltr'>   </span> 
     </span>
     <span class='ocr_line' id='line_1_38' title="bbox 18 1787 78 2037; baseline 0 -65"><span class='ocrx_word' id='word_1_278' title='bbox 18 1787 78 2037; x_wconf 95' lang='lat' dir='ltr'>    </span> 
     </span>
     <span class='ocr_line' id='line_1_39' title="bbox 14 2037 1383 2210; baseline 0 -116"><span class='ocrx_word' id='word_1_279' title='bbox 14 2037 82 2210; x_wconf 95' lang='lat' dir='ltr'>  </span> <span class='ocrx_word' id='word_1_280' title='bbox 886 2037 1383 2094; x_wconf 95' lang='lat' dir='ltr'> </span> 
     </span>
     <span class='ocr_line' id='line_1_40' title="bbox 14 2210 56 2287; baseline 0 163"><span class='ocrx_word' id='word_1_281' title='bbox 14 2210 56 2287; x_wconf 95' lang='lat' dir='ltr'> </span> 
     </span>
     <span class='ocr_line' id='line_1_41' title="bbox 10 2287 71 2450; baseline 0 0"><span class='ocrx_word' id='word_1_282' title='bbox 10 2287 71 2450; x_wconf 95' lang='lat' dir='ltr'>  </span> 
     </span>
    </p>
   </div>
   <div class='ocr_carea' id='block_1_7' title="bbox 0 2067 12 2288">
    <p class='ocr_par' dir='ltr' id='par_1_8' title="bbox 0 2067 12 2288">
     <span class='ocr_line' id='line_1_42' title="bbox 0 2067 12 2288; baseline 0 162"><span class='ocrx_word' id='word_1_283' title='bbox 0 2067 12 2288; x_wconf 95' lang='lat' dir='ltr'> </span> 
     </span>
    </p>
   </div>
   <div class='ocr_carea' id='block_1_8' title="bbox 29 2215 1383 2377">
    <p class='ocr_par' dir='ltr' id='par_1_9' title="bbox 29 2215 1383 2377">
     <span class='ocr_line' id='line_1_43' title="bbox 30 2215 1311 2282; baseline 0.005 -16"><span class='ocrx_word' id='word_1_284' title='bbox 30 2215 36 2280; x_wconf 12' lang='grc' dir='ltr'>’ἢ</span> <span class='ocrx_word' id='word_1_285' title='bbox 56 2229 99 2267; x_wconf 83' lang='grc' dir='ltr'>ὄν</span> <span class='ocrx_word' id='word_1_286' title='bbox 122 2232 190 2268; x_wconf 66' lang='grc' dir='ltr'>Μῑ.</span> <span class='ocrx_word' id='word_1_287' title='bbox 263 2237 319 2269; x_wconf 82' lang='grc'>26.</span> <span class='ocrx_word' id='word_1_288' title='bbox 346 2234 425 2281; x_wconf 83' lang='grc' dir='ltr'><strong>καὶ]</strong></span> <span class='ocrx_word' id='word_1_289' title='bbox 446 2245 559 2280; x_wconf 83' lang='lat' dir='ltr'>supra</span> <span class='ocrx_word' id='word_1_290' title='bbox 577 2248 626 2270; x_wconf 93' lang='lat' dir='ltr'>m.</span> <span class='ocrx_word' id='word_1_291' title='bbox 648 2240 665 2270; x_wconf 93' lang='lat'>1</span> <span class='ocrx_word' id='word_1_292' title='bbox 689 2236 773 2271; x_wconf 84' lang='lat' dir='ltr'>add.</span> <span class='ocrx_word' id='word_1_293' title='bbox 794 2217 878 2272; x_wconf 51' lang='grc' dir='ltr'>ῑῗειῢ.</span> <span class='ocrx_word' id='word_1_294' title='bbox 899 2237 1031 2282; x_wconf 87' lang='lat' dir='ltr'>Regin.</span> <span class='ocrx_word' id='word_1_295' title='bbox 1047 2241 1104 2282; x_wconf 82' lang='lat'>94,</span> <span class='ocrx_word' id='word_1_296' title='bbox 1120 2218 1202 2273; x_wconf 50' lang='lat' dir='ltr'>&#39;om.</span> <span class='ocrx_word' id='word_1_297' title='bbox 1224 2239 1311 2273; x_wconf 86' lang='lat' dir='ltr'>cett.</span> 
     </span>
     <span class='ocr_line' id='line_1_44' title="bbox 34 2279 1383 2333; baseline 0.006 -19"><span class='ocrx_word' id='word_1_298' title='bbox 34 2281 91 2324; x_wconf 51' lang='lat'>¹57.</span> <span class='ocrx_word' id='word_1_299' title='bbox 117 2279 255 2327; x_wconf 79' lang='grc' dir='ltr'><strong>ἔθηκα]</strong></span> <span class='ocrx_word' id='word_1_300' title='bbox 280 2280 362 2317; x_wconf 79' lang='grc' dir='ltr'><em>ἴσον</em></span> <span class='ocrx_word' id='word_1_301' title='bbox 387 2283 486 2330; x_wconf 79' lang='grc' dir='ltr'><em>αὐτῷ</em></span> <span class='ocrx_word' id='word_1_302' title='bbox 507 2282 565 2317; x_wconf 81' lang='lat' dir='ltr'>M³</span> <span class='ocrx_word' id='word_1_303' title='bbox 590 2294 712 2328; x_wconf 82' lang='lat' dir='ltr'>supra..</span> <span class='ocrx_word' id='word_1_304' title='bbox 787 2287 843 2319; x_wconf 86' lang='lat'>28.</span> <span class='ocrx_word' id='word_1_305' title='bbox 870 2285 936 2333; x_wconf 83' lang='grc' dir='ltr'>τῷ]</span> <span class='ocrx_word' id='word_1_306' title='bbox 962 2285 1020 2319; x_wconf 80' lang='lat' dir='ltr'>M’</span> <span class='ocrx_word' id='word_1_307' title='bbox 1045 2296 1089 2319; x_wconf 84' lang='lat' dir='ltr'>ex</span> <span class='ocrx_word' id='word_1_308' title='bbox 1112 2283 1165 2320; x_wconf 80' lang='grc' dir='ltr'>τό.</span> <span class='ocrx_word' id='word_1_309' title='bbox 1235 2289 1290 2320; x_wconf 87' lang='grc'>31.</span> <span class='ocrx_word' id='word_1_310' title='bbox 1316 2284 1383 2324; x_wconf 84' lang='grc' dir='ltr'>τόν</span> 
     </span>
     <span class='ocr_line' id='line_1_45' title="bbox 29 2327 859 2377; baseline 0.008 -16"><span class='ocrx_word' id='word_1_311' title='bbox 29 2327 130 2373; x_wconf 50' lang='lat'>3⁴.1)]</span> <span class='ocrx_word' id='word_1_312' title='bbox 155 2327 215 2373; x_wconf 90' lang='lat' dir='ltr'>W,</span> <span class='ocrx_word' id='word_1_313' title='bbox 239 2327 281 2365; x_wconf 85' lang='grc' dir='ltr'>τό</span> <span class='ocrx_word' id='word_1_314' title='bbox 307 2328 355 2365; x_wconf 86' lang='grc' dir='ltr'>Μ.</span> <span class='ocrx_word' id='word_1_315' title='bbox 381 2329 458 2377; x_wconf 90' lang='grc' dir='ltr'>ΓΡ]</span> <span class='ocrx_word' id='word_1_316' title='bbox 478 2331 546 2366; x_wconf 92' lang='grc' dir='ltr'>ΓΟ</span> <span class='ocrx_word' id='word_1_317' title='bbox 564 2330 624 2366; x_wconf 89' lang='lat' dir='ltr'>W.</span> <span class='ocrx_word' id='word_1_318' title='bbox 673 2330 785 2376; x_wconf 82' lang='grc' dir='ltr'><strong><em>μέσον</em></strong></span> <span class='ocrx_word' id='word_1_319' title='bbox 809 2332 859 2368; x_wconf 86' lang='grc' dir='ltr'>Μ.</span> 
     </span>
    </p>
   </div>
  </div>
 </body>
</html>
