1494 2450
63 769 105 800 10

58 1089 100 1120 15

53 1410 96 1441 20

48 1730 90 1760 25

142 77 226 120 208
531 81 784 115 ΕΙΣΑΓΩΓΗ
806 83 1079 118 ΑΡΜΟΝΙΚΗ
1363 56 1372 63 ⁶

1424 186 1494 235 lem}

139 186 188 227 τὸ
215 185 297 227 ἀπὸ
322 187 575 241 παρυπάτης
603 187 782 230 ὑπάτων
807 187 874 230 ἐπὶ
898 189 1155 244 παρυπάτην
1180 190 1338 245 μέσων·
1373 207 1422 247 τρ

139 264 216 290 τον
247 246 296 290 δὲ
326 250 392 294 τὸ
407 250 491 291 ὑπὸ
523 250 780 301 ὀξυπύκνων
809 254 1129 308 περιεχόμενον,
1166 248 1262 296 οἷόν
1292 253 1381 298 ἐστι
1409 257 1482 315 τὸᾷξ

139 313 223 356 ἀπὸ
259 316 439 368 λιχανοῦ
472 314 650 357 ὑπάτων
684 314 754 357 ἐπὶ
788 318 967 371 λιχανὸν
996 317 1151 372 μέσων.
1194 319 1242 360 ἐν
1271 317 1351 372 μὲν
1380 311 1486 381 οὖνῇἐ.

138 376 324 433 ἁρμονίᾳ
356 377 428 420 καὶ
458 379 648 434 χρώματι
679 378 788 435 πρὸς
817 382 897 435 τὴν
927 388 1005 423 τοῦ
1035 388 1206 424 πυκνοῦ
1239 382 1385 438 σχέσιν
1406 385 1478 428 τὰ

138 443 329 496 σχήματα
355 449 442 484 τῶν
467 444 718 498 συμφώνων
742 445 1018 500 λαμβάνεται,
1044 445 1092 488 ἐν
1117 444 1165 488 δε
1186 447 1370 504 διατόνῳ
1389 446 1480 491 ἐπὶ

134 511 306 547 πυκνοῦ
344 505 397 547 οὐ
436 508 618 560 γίνεται·
655 509 884 563 διαιρεῖται
921 508 970 551 δὲ
1007 509 1054 552 τὸ
1085 510 1210 564 γένος
1239 517 1367 553 τοῦτο
1398 511 1477 563 εἰς’

111 570 333 623 ἡμιτόνια
366 570 438 612 καὶ
471 572 636 621 τόνους.
684 572 868 651 ὑπάρχει
902 571 950 616 δὲ
981 574 1030 616 ἐν
1059 581 1110 630 τῇ
1142 575 1214 617 διὰ
1238 575 1481 631 τεσσάρωντ

134 636 367 689 συμφωνία
396 634 622 688 ἡμιτόνιον
651 652 731 689 μεν
760 637 828 691 ἓν,
860 638 980 680 τόνοι
1005 638 1054 680 δὲ
1079 639 1179 681 δύο·
1227 639 1383 693 ὁμοίως
1407 637 1475 695 δεῖ

131 714 214 740 καν
238 704 297 755 τῷ
323 699 395 741 διὰ
419 699 546 742 πέντε
570 701 796 754 ἡμιτόνιον
818 699 935 755 μὲν
923 703 985 756 ἐν,
1018 704 1139 745 τόνοι
1164 701 1210 745 δε
1235 710 1364 757 τρεῖς·
1407 703 1454 746 έν
1474 711 1481 761 J

132 761 181 803 δὲ
216 768 275 819 τῷ
314 764 387 805 διὰ
423 772 575 806 πασῶν
612 765 811 819 ἡμιτόνια
836 766 923 821 μὲν
954 767 1048 821 δύο,
1085 768 1207 809 τόνοι
1239 765 1286 809 δε
1310 767 1452 810 πέντε·
1479 779 1481 781 “

129 824 239 881 πρὸς
263 825 311 869 δε
336 828 416 882 τὴν
440 836 528 870 τῶν
552 829 788 883 ἡμιτονίων
813 830 961 885 σχέσιν
985 831 1036 872 τα
1063 834 1256 886 σχήματα
1280 837 1474 888 θεωρεῖ-

129 906 210 932 ται.
249 897 328 933 τοῦ
354 888 435 934 οὖν
460 893 533 934 διὰ
557 894 779 948 τεσσάρων
802 901 976 950 πρῶτον
999 895 1079 948 μέν
1105 895 1223 937 ἐστιν
1247 893 1375 950 εἶδος,
1400 893 1452 938 οὗ

127 953 175 996 τὸ
205 954 433 1009 ἡμιτόνιον
465 955 532 998 ἐπὶ
562 955 611 998 τό
644 959 757 1012 βαρὺ
782 966 869 1000 τῶν
893 960 1035 1001 τόνων
1059 966 1215 1014 κεῖται,
1247 960 1451 1015 δεύτερον

127 1018 189 1073 δέ,
210 1015 262 1061 οὗ
281 1028 455 1075 πρῶτον
479 1019 549 1063 ἐπὶ
574 1020 622 1063 τὸ
649 1021 739 1077 ὀξὺ,
763 1025 923 1078 τρίτον,
950 1019 1003 1065 οὗ
1029 1023 1163 1078 μέσον
1187 1031 1274 1066 τῶν
1299 1026 1449 1066 τόνων.

125 1081 216 1125 ἔστι
241 1081 290 1125 δὲ
314 1083 384 1126 καὶ
409 1091 544 1127 ταῦτα
568 1085 727 1138 ὁμοίως
750 1095 841 1136 τοῖς
865 1081 1034 1137 λοιποῖς
1059 1087 1230 1141 γένεσιν
1255 1087 1337 1130 ἀπὸ
1363 1095 1451 1130 τῶν

125 1147 270 1190 αὐτῶν
296 1150 511 1203 φθόγγων
537 1149 605 1191 ἐπὶ
630 1152 733 1200 τοὺς
757 1151 928 1201 αὐτούς.

182 1218 260 1254 τοῦ
294 1210 343 1254 δὲ
374 1214 459 1255 διὰ
491 1213 642 1256 πέντε
678 1214 865 1270 τέσσαρά
895 1214 984 1258 ἐστι
1015 1218 1218 1271 σχήματα.
1275 1224 1474 1272 πρῶτονΙ

122 1273 203 1330 μὲν
238 1275 286 1318 τὸ
323 1277 410 1319 ὑπὸ
445 1279 741 1333 βαρυπύκνων
775 1282 1095 1334 περιεχόμενον,
1132 1277 1184 1322 οὗ
1220 1288 1388 1336 πρῶτος
1423 1279 1475 1326 ὁ,

121 1342 248 1390 τόνος
272 1339 341 1383 ἐπὶ
366 1340 415 1383 τὸ
441 1341 535 1392 ὀξύ·
566 1340 657 1384 ἔστι
683 1341 731 1384 δὲ
756 1342 838 1385 ἀπὸ
863 1343 1027 1398 ὑπάτης
1050 1344 1194 1396 μέσων
1218 1343 1286 1386 ἐπὶ
1310 1359 1446 1399 παρα-

121 1403 268 1459 μέσην.
311 1406 518 1461 δεύτερον
549 1405 596 1449 δὲ
627 1405 674 1448 τὸ
705 1406 791 1449 ὑπὸ
816 1409 1101 1460 μεσοπύκνων
1125 1411 1445 1464 περιεχόμενον,

121 1466 174 1510 οὗ
200 1470 402 1522 δεύτερος
426 1470 448 1512 ὁ
474 1472 602 1520 τόνος
627 1469 696 1512 ἐπὶ
722 1469 768 1513 τὸ
796 1471 889 1521 ὀξύ·
932 1470 1052 1514 ἔστιν
1081 1471 1165 1514 ἀπὸ
1195 1473 1445 1528 παρυπάτης
1493 1521 1494 1528 ¹

119 1532 263 1587 μέσων
289 1533 355 1576 ἐπὶ
381 1536 531 1590 τρίτην
556 1535 876 1589 διεζευγμένων.
916 1539 1064 1590 τρίτον
1089 1534 1137 1579 δὲ
1161 1535 1203 1578 vc*
1238 1535 1320 1579 ὑπὸ
1347 1535 1443 1587 ὀξύ-
1492 1531 1494 1561 ³

117 1598 298 1640 πύκνων
333 1600 654 1654 περιεχόμενον,
691 1597 745 1642 οὗ
781 1602 926 1654 τρίτος
962 1600 984 1642 ὁ
1015 1602 1142 1650 τόνος
1171 1600 1241 1643 ἐπὶ
1270 1599 1318 1643 τὸ
1349 1600 1442 1652 ὀξύ·

118 1663 209 1704 ἔστι
227 1660 275 1704 δὲ
295 1661 378 1704 ἀπὸ
398 1665 580 1717 λιχανοῦ
599 1663 743 1718 μέσων
762 1662 831 1706 ἐπὶ
849 1667 1102 1719 παρανήτην
1120 1665 1441 1719 διεζευγμένων.
1493 1691 1494 1694 =

116 1725 323 1781 τέταρτον
347 1725 396 1769 τὸ
421 1726 506 1769 ὑπὸ
532 1729 828 1783 βαρυπύκνων
851 1730 1171 1784 περιεχόμενον,
1196 1726 1248 1771 οὗ
1273 1736 1441 1784 πρῶτος

117 1790 139 1831 ὁ
170 1792 297 1839 τόνος
334 1790 402 1832 ἐπὶ
441 1792 489 1833 τὸ
529 1792 662 1846 βαρύ·
705 1794 793 1834 ἔστι
834 1792 883 1834 δὲ
918 1791 1001 1835 ἀπὸ
1033 1791 1164 1847 μέσης
1203 1791 1272 1834 ἐπὶ
1305 1794 1440 1847 νήτην

116 1854 427 1908 διεζευγμένων
452 1854 479 1909 ἢ
504 1855 586 1897 ἀπὸ
611 1855 1057 1911 προσλαμβανομένου
1083 1855 1152 1898 ἐπὶ
1175 1856 1344 1911 ὑπάτην
1367 1855 1438 1909 μέ-

114 1930 214 1960 σων.
247 1917 295 1961 ἐν
319 1919 368 1961 δὲ
393 1920 579 1976 διατόνῳ
604 1927 779 1975 πρῶτον
802 1919 883 1973 μέν
908 1919 998 1962 ἐστι
1023 1926 1173 1975 σχῆμα,
1194 1917 1247 1963 οὗ
1266 1927 1439 1976 πρῶτον

173 2038 202 2068 1.
228 2034 449 2079 παρυπάτην
464 2035 554 2116 aM³,
579 2034 729 2071 ὑπάτων
752 2035 865 2069 M²W.
945 2039 975 2069 3.
1002 2034 1130 2080 μέσων]
1156 2035 1215 2079 W,
1239 2035 1348 2079 μέσον
1371 2035 1435 2069 M1.

113 2084 144 2115 6.
170 2079 223 2125 δέ]
249 2091 295 2115 an
320 2080 415 2126 γάρῗ
606 2085 637 2116 8.
663 2081 777 2127 τόνοι]
803 2081 862 2125 W,
887 2087 1034 2117 τονιαῖα
1056 2082 1103 2116 Μ.
1201 2086 1254 2116 11.
1278 2079 1370 2125 πρὸς
1395 2081 1436 2116 δὲ

110 2126 189 2172 τήν]
214 2127 387 2170 προσδέοι
411 2092 510 2162 M¹an
572 2132 626 2163 14.
653 2134 797 2172 πρῶτον
823 2129 883 2163 ἐπὶ
906 2126 948 2163 τὸ
974 2128 1053 2174 ὀξύ]
1078 2127 1194 2186 M¹W,
1224 2127 1333 2173 μέσον
1362 2133 1435 2163 τῶν

109 2173 229 2208 τόνων
251 2173 316 2208 M⁴.
382 2173 507 2220 μέσον]
533 2174 578 2219 Β,
603 2174 721 2219 μέσων
744 2174 859 2218 M¹W‚
883 2180 1028 2218 πρῶτον
1053 2174 1113 2210 ἐπὶ
1136 2173 1178 2210 τὸ
1204 2174 1267 2217 ὀξὺ
1285 2180 1358 2209 τῶν
1376 2172 1434 2210 τό·

110 2233 184 2255 νων
208 2220 273 2255 M⁴.
389 2225 442 2255 15.
469 2221 556 2267 ἔστι]
569 2188 628 2267 ’χιέ
622 2235 654 2256 ει
677 2221 741 2256 M⁴.
790 2221 884 2255 Ante
916 2220 1057 2266 γένεσιν
1081 2221 1165 2255 add.
1181 2221 1257 2303 τόήν
1281 2221 1336 2255 Μ*
1359 2232 1431 2266 mg

111 2270 164 2301 17.
189 2267 267 2311 τοῦ]
292 2272 399 2303 τοῦτο
424 2268 488 2302 Μῑ.
561 2271 616 2302 21.
642 2267 753 2313 ἔστιν]
778 2268 843 2311 M¹,
869 2267 943 2303 ἔστι
966 2267 1008 2303 δέ
1026 2269 1108 2303 cett.
1205 2271 1237 2303 5.
1262 2267 1433 2311 τέταρτον

109 2312 151 2348 δέ
172 2313 236 2347 M⁴.
285 2314 439 2360 πρῶτος]
465 2314 546 2358 Jan,
571 2313 741 2359 τέταρτος
765 2314 870 2349 codd.
938 2317 991 2348 26.
1018 2315 1044 2349 ἐ.
1069 2327 1098 2348 τ.
1124 2314 1231 2360 βαρύ]
1258 2313 1336 2357 NB,
1362 2325 1430 2349 om.
