<?xml version="1.0" encoding="UTF-8"?>
<!DOCTYPE html PUBLIC "-//W3C//DTD XHTML 1.0 Transitional//EN"
    "http://www.w3.org/TR/xhtml1/DTD/xhtml1-transitional.dtd">
<html xmlns="http://www.w3.org/1999/xhtml" xml:lang="en" lang="en">
 <head>
  <title>
</title>
<meta http-equiv="Content-Type" content="text/html;charset=utf-8" />
  <meta name='ocr-system' content='tesseract 3.04.00' />
  <meta name='ocr-capabilities' content='ocr_page ocr_carea ocr_par ocr_line ocrx_word'/>
</head>
<body>
  <div class='ocr_page' id='page_1' title='image "./euclidisoperaomn08eucluoft_0025.png"; bbox 0 0 1456 2456; ppageno 0'>
   <div class='ocr_carea' id='block_1_1' title="bbox 537 71 1402 109">
    <p class='ocr_par' dir='ltr' id='par_1_1' title="bbox 537 71 1402 109">
     <span class='ocr_line' id='line_1_1' title="bbox 537 71 1402 109; baseline -0.003 0"><span class='ocrx_word' id='word_1_1' title='bbox 537 72 902 109; x_wconf 80' lang='lat' dir='ltr'><strong>PROLEGOMENA</strong></span> <span class='ocrx_word' id='word_1_2' title='bbox 1317 71 1402 106; x_wconf 88' lang='lat' dir='ltr'>XXI</span> 
     </span>
    </p>
   </div>
   <div class='ocr_carea' id='block_1_2' title="bbox 0 179 1407 2156">
    <p class='ocr_par' dir='ltr' id='par_1_2' title="bbox 0 179 1407 2156">
     <span class='ocr_line' id='line_1_2' title="bbox 47 179 1401 229; baseline -0.005 -10"><span class='ocrx_word' id='word_1_3' title='bbox 47 182 178 228; x_wconf 80' lang='grc' dir='ltr'><em>φέρεια</em></span> <span class='ocrx_word' id='word_1_4' title='bbox 199 185 343 229; x_wconf 88' lang='lat' dir='ltr'>(comp.)</span> <span class='ocrx_word' id='word_1_5' title='bbox 399 195 436 227; x_wconf 90' lang='lat' dir='ltr'>p.</span> <span class='ocrx_word' id='word_1_6' title='bbox 446 185 525 224; x_wconf 84' lang='lat'>128,</span> <span class='ocrx_word' id='word_1_7' title='bbox 535 185 556 217; x_wconf 82' lang='lat'><strong>6</strong></span> <span class='ocrx_word' id='word_1_8' title='bbox 576 180 697 227; x_wconf 81' lang='grc' dir='ltr'><em>δύνει]</em></span> <span class='ocrx_word' id='word_1_9' title='bbox 719 180 804 215; x_wconf 89' lang='lat' dir='ltr'>add.</span> <span class='ocrx_word' id='word_1_10' title='bbox 862 192 897 225; x_wconf 91' lang='lat' dir='ltr'>p.</span> <span class='ocrx_word' id='word_1_11' title='bbox 908 183 987 222; x_wconf 88' lang='lat'>132,</span> <span class='ocrx_word' id='word_1_12' title='bbox 999 184 1019 213; x_wconf 89' lang='lat'>4</span> <span class='ocrx_word' id='word_1_13' title='bbox 1045 179 1232 225; x_wconf 83' lang='grc' dir='ltr'><strong>ΤΞΝΜ]</strong></span> <span class='ocrx_word' id='word_1_14' title='bbox 1251 182 1298 213; x_wconf 93' lang='grc' dir='ltr'><strong>Μ</strong></span> <span class='ocrx_word' id='word_1_15' title='bbox 1314 179 1401 214; x_wconf 88' lang='lat' dir='ltr'>add.</span> 
     </span>
     <span class='ocr_line' id='line_1_3' title="bbox 49 226 1400 284; baseline -0.004 -12"><span class='ocrx_word' id='word_1_16' title='bbox 49 241 90 272; x_wconf 93' lang='lat'>11</span> <span class='ocrx_word' id='word_1_17' title='bbox 112 236 272 284; x_wconf 82' lang='grc' dir='ltr'><em>ἀφανές]</em></span> <span class='ocrx_word' id='word_1_18' title='bbox 299 236 484 281; x_wconf 87' lang='lat' dir='ltr'>sequitur:</span> <span class='ocrx_word' id='word_1_19' title='bbox 514 232 650 280; x_wconf 84' lang='grc' dir='ltr'><em>ὁμοίως</em></span> <span class='ocrx_word' id='word_1_20' title='bbox 675 233 722 279; x_wconf 86' lang='grc' dir='ltr'>δὴ</span> <span class='ocrx_word' id='word_1_21' title='bbox 748 232 927 279; x_wconf 79' lang='grc' dir='ltr'><em>δείξομεν,</em></span> <span class='ocrx_word' id='word_1_22' title='bbox 954 231 1009 268; x_wconf 79' lang='grc' dir='ltr'>ὅτι</span> <span class='ocrx_word' id='word_1_23' title='bbox 1034 232 1098 267; x_wconf 81' lang='grc' dir='ltr'>καὶ</span> <span class='ocrx_word' id='word_1_24' title='bbox 1123 233 1163 268; x_wconf 80' lang='grc' dir='ltr'>ἐν</span> <span class='ocrx_word' id='word_1_25' title='bbox 1186 226 1214 279; x_wconf 78' lang='grc' dir='ltr'><strong><em>ᾧ</em></strong></span> <span class='ocrx_word' id='word_1_26' title='bbox 1234 229 1355 279; x_wconf 82' lang='grc' dir='ltr'><strong><em>χρόνῳ</em></strong></span> <span class='ocrx_word' id='word_1_27' title='bbox 1377 232 1400 277; x_wconf 83' lang='grc' dir='ltr'>ἡ</span> 
     </span>
     <span class='ocr_line' id='line_1_4' title="bbox 51 283 1402 334; baseline -0.004 -8"><span class='ocrx_word' id='word_1_28' title='bbox 51 291 120 326; x_wconf 82' lang='grc' dir='ltr'>ΘΖ</span> <span class='ocrx_word' id='word_1_29' title='bbox 147 289 357 332; x_wconf 77' lang='grc' dir='ltr'><em>ἐξαλλάσσει</em></span> <span class='ocrx_word' id='word_1_30' title='bbox 381 287 423 325; x_wconf 84' lang='grc' dir='ltr'>τὸ</span> <span class='ocrx_word' id='word_1_31' title='bbox 450 288 596 333; x_wconf 79' lang='grc' dir='ltr'><em>ἀφανὲς</em></span> <span class='ocrx_word' id='word_1_32' title='bbox 621 285 877 334; x_wconf 79' lang='grc' dir='ltr'><em>ἡμισφαίριον,</em></span> <span class='ocrx_word' id='word_1_33' title='bbox 903 287 944 322; x_wconf 80' lang='grc' dir='ltr'>ἐν</span> <span class='ocrx_word' id='word_1_34' title='bbox 968 286 1086 333; x_wconf 77' lang='grc' dir='ltr'><em>τουτῳ</em></span> <span class='ocrx_word' id='word_1_35' title='bbox 1111 285 1135 331; x_wconf 84' lang='grc' dir='ltr'><em>ἡ</em></span> <span class='ocrx_word' id='word_1_36' title='bbox 1158 287 1238 321; x_wconf 89' lang='grc' dir='ltr'>ΕΗ</span> <span class='ocrx_word' id='word_1_37' title='bbox 1260 283 1302 321; x_wconf 81' lang='grc' dir='ltr'>τὸ</span> <span class='ocrx_word' id='word_1_38' title='bbox 1329 299 1402 329; x_wconf 86' lang='grc' dir='ltr'>φα·</span> 
     </span>
     <span class='ocr_line' id='line_1_5' title="bbox 48 340 1399 389; baseline -0.004 -10"><span class='ocrx_word' id='word_1_39' title='bbox 48 341 156 386; x_wconf 78' lang='grc' dir='ltr'><em>νερόν</em></span> <span class='ocrx_word' id='word_1_40' title='bbox 203 355 239 389; x_wconf 93' lang='lat' dir='ltr'>p.</span> <span class='ocrx_word' id='word_1_41' title='bbox 250 347 328 386; x_wconf 78' lang='grc'>146,</span> <span class='ocrx_word' id='word_1_42' title='bbox 339 346 382 378; x_wconf 85' lang='grc'>16</span> <span class='ocrx_word' id='word_1_43' title='bbox 399 343 487 387; x_wconf 89' lang='lat' dir='ltr'>post</span> <span class='ocrx_word' id='word_1_44' title='bbox 502 344 530 377; x_wconf 96' lang='lat' dir='ltr'><strong>Z</strong></span> <span class='ocrx_word' id='word_1_45' title='bbox 545 341 631 376; x_wconf 86' lang='lat' dir='ltr'>add.</span> <span class='ocrx_word' id='word_1_46' title='bbox 644 341 703 386; x_wconf 82' lang='grc' dir='ltr'>ἴση</span> <span class='ocrx_word' id='word_1_47' title='bbox 753 352 789 385; x_wconf 92' lang='lat' dir='ltr'>p.</span> <span class='ocrx_word' id='word_1_48' title='bbox 799 344 879 383; x_wconf 90' lang='lat'>153,</span> <span class='ocrx_word' id='word_1_49' title='bbox 888 343 932 374; x_wconf 86' lang='lat'>23</span> <span class='ocrx_word' id='word_1_50' title='bbox 948 340 1037 387; x_wconf 89' lang='grc' dir='ltr'>ΕΛ]</span> <span class='ocrx_word' id='word_1_51' title='bbox 1051 342 1163 374; x_wconf 88' lang='grc' dir='ltr'>ΕΚΛ</span> <span class='ocrx_word' id='word_1_52' title='bbox 1214 342 1257 374; x_wconf 91' lang='grc'>27</span> <span class='ocrx_word' id='word_1_53' title='bbox 1274 340 1399 385; x_wconf 89' lang='grc' dir='ltr'><strong><em>ΕΚΛ]</em></strong></span> 
     </span>
     <span class='ocr_line' id='line_1_6' title="bbox 46 387 1400 441; baseline -0.002 -10"><span class='ocrx_word' id='word_1_54' title='bbox 46 400 78 432; x_wconf 90' lang='grc' dir='ltr'><em>Λ</em></span> <span class='ocrx_word' id='word_1_55' title='bbox 98 396 181 431; x_wconf 88' lang='lat' dir='ltr'>add.</span> <span class='ocrx_word' id='word_1_56' title='bbox 238 408 273 441; x_wconf 89' lang='lat' dir='ltr'>p.</span> <span class='ocrx_word' id='word_1_57' title='bbox 290 401 369 440; x_wconf 89' lang='lat'>154,</span> <span class='ocrx_word' id='word_1_58' title='bbox 385 399 429 431; x_wconf 89' lang='lat'>30</span> <span class='ocrx_word' id='word_1_59' title='bbox 455 395 550 439; x_wconf 79' lang='grc' dir='ltr'><em>ἤπερ</em></span> <span class='ocrx_word' id='word_1_60' title='bbox 570 395 610 441; x_wconf 82' lang='grc' dir='ltr'>ἡ]</span> <span class='ocrx_word' id='word_1_61' title='bbox 636 394 675 429; x_wconf 89' lang='lat' dir='ltr'>in</span> <span class='ocrx_word' id='word_1_62' title='bbox 694 405 766 429; x_wconf 88' lang='lat' dir='ltr'>ras.</span> <span class='ocrx_word' id='word_1_63' title='bbox 823 406 859 439; x_wconf 91' lang='lat' dir='ltr'>p.</span> <span class='ocrx_word' id='word_1_64' title='bbox 876 398 955 438; x_wconf 86' lang='lat'>155,</span> <span class='ocrx_word' id='word_1_65' title='bbox 970 397 1014 428; x_wconf 89' lang='grc'>26</span> <span class='ocrx_word' id='word_1_66' title='bbox 1035 387 1184 440; x_wconf 87' lang='grc' dir='ltr'><strong>ΜΕΗ]</strong></span> <span class='ocrx_word' id='word_1_67' title='bbox 1204 396 1240 428; x_wconf 91' lang='grc' dir='ltr'><em>Η</em></span> <span class='ocrx_word' id='word_1_68' title='bbox 1266 393 1306 428; x_wconf 92' lang='lat' dir='ltr'>in</span> <span class='ocrx_word' id='word_1_69' title='bbox 1328 404 1400 428; x_wconf 85' lang='lat' dir='ltr'>ras.</span> 
     </span>
     <span class='ocr_line' id='line_1_7' title="bbox 0 447 1400 495; baseline -0.003 -10"><span class='ocrx_word' id='word_1_70' title='bbox 0 454 1 478; x_wconf 60' lang='lat'>³</span> <span class='ocrx_word' id='word_1_71' title='bbox 48 453 91 484; x_wconf 88' lang='grc'>28</span> <span class='ocrx_word' id='word_1_72' title='bbox 116 448 208 494; x_wconf 85' lang='grc' dir='ltr'><em>ἥπερ</em></span> <span class='ocrx_word' id='word_1_73' title='bbox 235 449 257 495; x_wconf 87' lang='grc' dir='ltr'>ἡ</span> <span class='ocrx_word' id='word_1_74' title='bbox 282 452 366 485; x_wconf 90' lang='grc' dir='ltr'>ΜΕ</span> <span class='ocrx_word' id='word_1_75' title='bbox 377 452 421 495; x_wconf 91' lang='grc' dir='ltr'>Ζ]</span> <span class='ocrx_word' id='word_1_76' title='bbox 448 449 533 484; x_wconf 88' lang='lat' dir='ltr'>add.</span> <span class='ocrx_word' id='word_1_77' title='bbox 590 461 625 494; x_wconf 89' lang='lat' dir='ltr'>p.</span> <span class='ocrx_word' id='word_1_78' title='bbox 643 451 721 490; x_wconf 84' lang='grc'>156,</span> <span class='ocrx_word' id='word_1_79' title='bbox 739 451 780 483; x_wconf 91' lang='grc'>12</span> <span class='ocrx_word' id='word_1_80' title='bbox 807 449 894 492; x_wconf 88' lang='lat' dir='ltr'>post</span> <span class='ocrx_word' id='word_1_81' title='bbox 919 450 1076 491; x_wconf 80' lang='grc' dir='ltr'><em>θερινοῦ</em></span> <span class='ocrx_word' id='word_1_82' title='bbox 1103 447 1188 481; x_wconf 86' lang='lat' dir='ltr'>add.</span> <span class='ocrx_word' id='word_1_83' title='bbox 1208 451 1400 491; x_wconf 81' lang='grc' dir='ltr'><em>τροπικοῦ.</em></span> 
     </span>
     <span class='ocr_line' id='line_1_8' title="bbox 103 500 1403 548; baseline -0.003 -9"><span class='ocrx_word' id='word_1_84' title='bbox 103 504 297 548; x_wconf 88' lang='lat' dir='ltr'>praeterea</span> <span class='ocrx_word' id='word_1_85' title='bbox 312 503 408 538; x_wconf 87' lang='lat' dir='ltr'>duae</span> <span class='ocrx_word' id='word_1_86' title='bbox 422 513 520 538; x_wconf 91' lang='lat' dir='ltr'>man.</span> <span class='ocrx_word' id='word_1_87' title='bbox 535 503 703 537; x_wconf 86' lang='lat' dir='ltr'>recentes</span> <span class='ocrx_word' id='word_1_88' title='bbox 721 501 890 536; x_wconf 87' lang='lat' dir='ltr'><strong>cod.Vat.</strong></span> <span class='ocrx_word' id='word_1_89' title='bbox 906 500 1090 546; x_wconf 82' lang='lat' dir='ltr'>corrigere</span> <span class='ocrx_word' id='word_1_90' title='bbox 1108 500 1180 535; x_wconf 89' lang='lat' dir='ltr'>sibi</span> <span class='ocrx_word' id='word_1_91' title='bbox 1193 500 1294 536; x_wconf 85' lang='lat' dir='ltr'>visae</span> <span class='ocrx_word' id='word_1_92' title='bbox 1314 500 1403 536; x_wconf 87' lang='lat' dir='ltr'>sunt</span> 
     </span>
     <span class='ocr_line' id='line_1_9' title="bbox 47 551 1407 601; baseline -0.004 -9"><span class='ocrx_word' id='word_1_93' title='bbox 47 567 112 592; x_wconf 75' lang='lat' dir='ltr'>fluo</span> <span class='ocrx_word' id='word_1_94' title='bbox 131 556 334 600; x_wconf 72' lang='lat' dir='ltr'>arbitratu,</span> <span class='ocrx_word' id='word_1_95' title='bbox 360 569 391 591; x_wconf 87' lang='lat' dir='ltr'>v.</span> <span class='ocrx_word' id='word_1_96' title='bbox 413 569 449 601; x_wconf 91' lang='lat' dir='ltr'>p.</span> <span class='ocrx_word' id='word_1_97' title='bbox 467 560 522 599; x_wconf 87' lang='grc'>72,</span> <span class='ocrx_word' id='word_1_98' title='bbox 539 560 582 591; x_wconf 86' lang='grc'>16</span> <span class='ocrx_word' id='word_1_99' title='bbox 608 557 694 601; x_wconf 73' lang='lat' dir='ltr'>post</span> <span class='ocrx_word' id='word_1_100' title='bbox 713 555 818 591; x_wconf 79' lang='grc' dir='ltr'><em>δύνει</em></span> <span class='ocrx_word' id='word_1_101' title='bbox 838 554 924 590; x_wconf 83' lang='lat' dir='ltr'>add.</span> <span class='ocrx_word' id='word_1_102' title='bbox 947 551 998 590; x_wconf 85' lang='grc' dir='ltr'>ὧν</span> <span class='ocrx_word' id='word_1_103' title='bbox 1019 554 1099 590; x_wconf 75' lang='grc' dir='ltr'>ἐπεὶ</span> <span class='ocrx_word' id='word_1_104' title='bbox 1117 554 1141 599; x_wconf 83' lang='grc' dir='ltr'>ὴ</span> <span class='ocrx_word' id='word_1_105' title='bbox 1161 554 1238 592; x_wconf 81' lang='grc' dir='ltr'>ΛΞ</span> <span class='ocrx_word' id='word_1_106' title='bbox 1255 559 1299 600; x_wconf 85' lang='grc' dir='ltr'>τῇ</span> <span class='ocrx_word' id='word_1_107' title='bbox 1320 554 1407 592; x_wconf 80' lang='grc' dir='ltr'>ΞΜ</span> 
     </span>
     <span class='ocr_line' id='line_1_10' title="bbox 14 607 1403 658; baseline -0.003 -13"><span class='ocrx_word' id='word_1_108' title='bbox 14 614 20 618; x_wconf 86' lang='grc'><em>”</em></span> <span class='ocrx_word' id='word_1_109' title='bbox 47 609 86 645; x_wconf 76' lang='grc' dir='ltr'>ἐν</span> <span class='ocrx_word' id='word_1_110' title='bbox 112 609 177 657; x_wconf 81' lang='grc' dir='ltr'>ἴσῳ</span> <span class='ocrx_word' id='word_1_111' title='bbox 206 608 326 658; x_wconf 80' lang='grc' dir='ltr'><em>χρόνῳ</em></span> <span class='ocrx_word' id='word_1_112' title='bbox 353 610 478 654; x_wconf 63' lang='grc' dir='ltr'><em>δύνεις</em></span> <span class='ocrx_word' id='word_1_113' title='bbox 510 621 544 654; x_wconf 91' lang='lat' dir='ltr'>p.</span> <span class='ocrx_word' id='word_1_114' title='bbox 561 612 616 651; x_wconf 84' lang='lat'>78,</span> <span class='ocrx_word' id='word_1_115' title='bbox 633 612 652 643; x_wconf 88' lang='grc'>8</span> <span class='ocrx_word' id='word_1_116' title='bbox 685 620 796 654; x_wconf 86' lang='lat' dir='ltr'>super</span> <span class='ocrx_word' id='word_1_117' title='bbox 822 608 886 643; x_wconf 88' lang='grc' dir='ltr'>ἴσω</span> <span class='ocrx_word' id='word_1_118' title='bbox 913 619 978 643; x_wconf 87' lang='lat' dir='ltr'>scr.</span> <span class='ocrx_word' id='word_1_119' title='bbox 1007 607 1117 651; x_wconf 68' lang='grc' dir='ltr'><em>ἴσοις,</em></span> <span class='ocrx_word' id='word_1_120' title='bbox 1148 619 1182 652; x_wconf 91' lang='lat' dir='ltr'>p.</span> <span class='ocrx_word' id='word_1_121' title='bbox 1200 610 1291 651; x_wconf 91' lang='grc'>80,8</span> <span class='ocrx_word' id='word_1_122' title='bbox 1316 607 1403 652; x_wconf 87' lang='lat' dir='ltr'>post</span> 
     </span>
     <span class='ocr_line' id='line_1_11' title="bbox 10 658 1404 709; baseline -0.004 -11"><span class='ocrx_word' id='word_1_123' title='bbox 10 697 15 702; x_wconf 81' lang='grc'>,</span> <span class='ocrx_word' id='word_1_124' title='bbox 49 664 126 698; x_wconf 91' lang='grc' dir='ltr'>ΝΔ</span> <span class='ocrx_word' id='word_1_125' title='bbox 151 664 236 698; x_wconf 81' lang='lat' dir='ltr'>add.</span> <span class='ocrx_word' id='word_1_126' title='bbox 263 662 514 709; x_wconf 80' lang='grc' dir='ltr'>περιφέρειαι,</span> <span class='ocrx_word' id='word_1_127' title='bbox 548 667 592 697; x_wconf 89' lang='grc'>10</span> <span class='ocrx_word' id='word_1_128' title='bbox 618 662 683 697; x_wconf 88' lang='grc' dir='ltr'>ἴσω</span> <span class='ocrx_word' id='word_1_129' title='bbox 710 663 843 697; x_wconf 71' lang='lat' dir='ltr'>mutat.</span> <span class='ocrx_word' id='word_1_130' title='bbox 870 662 909 696; x_wconf 88' lang='lat' dir='ltr'>in</span> <span class='ocrx_word' id='word_1_131' title='bbox 935 661 1045 706; x_wconf 86' lang='grc' dir='ltr'><em>ἴσοις,</em></span> <span class='ocrx_word' id='word_1_132' title='bbox 1079 665 1120 696; x_wconf 87' lang='grc'>11</span> <span class='ocrx_word' id='word_1_133' title='bbox 1148 659 1338 695; x_wconf 76' lang='grc' dir='ltr'><em>ἀνατέλλει</em></span> <span class='ocrx_word' id='word_1_134' title='bbox 1363 658 1404 692; x_wconf 87' lang='lat' dir='ltr'>in</span> 
     </span>
     <span class='ocr_line' id='line_1_12' title="bbox 26 713 1401 762; baseline -0.003 -10"><span class='ocrx_word' id='word_1_135' title='bbox 26 716 299 762; x_wconf 75' lang='grc' dir='ltr'><em>-ἀνατέλλουσι;</em></span> <span class='ocrx_word' id='word_1_136' title='bbox 324 729 359 762; x_wconf 91' lang='lat' dir='ltr'><strong>p.</strong></span> <span class='ocrx_word' id='word_1_137' title='bbox 376 720 432 760; x_wconf 88' lang='grc'>98,</span> <span class='ocrx_word' id='word_1_138' title='bbox 446 720 488 751; x_wconf 92' lang='grc'>10</span> <span class='ocrx_word' id='word_1_139' title='bbox 514 719 599 761; x_wconf 84' lang='lat' dir='ltr'>post</span> <span class='ocrx_word' id='word_1_140' title='bbox 619 717 693 751; x_wconf 90' lang='grc' dir='ltr'>ΟΘ</span> <span class='ocrx_word' id='word_1_141' title='bbox 714 716 797 750; x_wconf 79' lang='lat' dir='ltr'>add.</span> <span class='ocrx_word' id='word_1_142' title='bbox 819 715 1055 761; x_wconf 67' lang='grc' dir='ltr'><em>περιφέρεια,</em></span> <span class='ocrx_word' id='word_1_143' title='bbox 1079 717 1260 760; x_wconf 89' lang='lat' dir='ltr'>p.122,10</span> <span class='ocrx_word' id='word_1_144' title='bbox 1286 713 1401 748; x_wconf 88' lang='lat' dir='ltr'>schol.</span> 
     </span>
     <span class='ocr_line' id='line_1_13' title="bbox 14 767 1403 814; baseline -0.002 -9"><span class='ocrx_word' id='word_1_145' title='bbox 14 771 17 779; x_wconf 81' lang='grc'><strong>”</strong></span> <span class='ocrx_word' id='word_1_146' title='bbox 46 781 99 805; x_wconf 87' lang='lat' dir='ltr'>nr.</span> <span class='ocrx_word' id='word_1_147' title='bbox 117 773 183 805; x_wconf 86' lang='lat'>122</span> <span class='ocrx_word' id='word_1_148' title='bbox 209 771 330 806; x_wconf 87' lang='lat' dir='ltr'>textui</span> <span class='ocrx_word' id='word_1_149' title='bbox 355 771 481 806; x_wconf 84' lang='lat' dir='ltr'>insert.</span> <span class='ocrx_word' id='word_1_150' title='bbox 528 769 736 805; x_wconf 82' lang='lat' dir='ltr'>addiderim</span> <span class='ocrx_word' id='word_1_151' title='bbox 763 781 799 814; x_wconf 91' lang='lat' dir='ltr'><strong>p.</strong></span> <span class='ocrx_word' id='word_1_152' title='bbox 815 773 924 812; x_wconf 89' lang='grc'>98,15</span> <span class='ocrx_word' id='word_1_153' title='bbox 946 769 1017 804; x_wconf 90' lang='lat' dir='ltr'>del.</span> <span class='ocrx_word' id='word_1_154' title='bbox 1037 767 1248 812; x_wconf 79' lang='grc' dir='ltr'><em>ἐξαλλάσσει</em></span> <span class='ocrx_word' id='word_1_155' title='bbox 1266 767 1307 802; x_wconf 78' lang='grc' dir='ltr'>τὸ</span> <span class='ocrx_word' id='word_1_156' title='bbox 1329 781 1403 812; x_wconf 87' lang='grc' dir='ltr'>φα-</span> 
     </span>
     <span class='ocr_line' id='line_1_14' title="bbox 13 820 901 869; baseline -0.001 -11"><span class='ocrx_word' id='word_1_157' title='bbox 13 820 26 866; x_wconf 43' lang='lat'>¹,</span> <span class='ocrx_word' id='word_1_158' title='bbox 47 821 155 866; x_wconf 73' lang='grc' dir='ltr'><em>νερὸν</em></span> <span class='ocrx_word' id='word_1_159' title='bbox 181 822 438 869; x_wconf 84' lang='grc' dir='ltr'><em>ἡμισφαίριον,</em></span> <span class='ocrx_word' id='word_1_160' title='bbox 465 823 564 867; x_wconf 85' lang='lat' dir='ltr'>quod</span> <span class='ocrx_word' id='word_1_161' title='bbox 590 823 750 858; x_wconf 83' lang='lat' dir='ltr'>retinere</span> <span class='ocrx_word' id='word_1_162' title='bbox 777 822 901 858; x_wconf 86' lang='lat' dir='ltr'>debui.</span> 
     </span>
     <span class='ocr_line' id='line_1_15' title="bbox 23 874 1402 922; baseline -0.001 -12"><span class='ocrx_word' id='word_1_163' title='bbox 23 920 25 922; x_wconf 14' lang='lat' dir='ltr'>q</span> <span class='ocrx_word' id='word_1_164' title='bbox 105 876 181 911; x_wconf 87' lang='lat' dir='ltr'>iam</span> <span class='ocrx_word' id='word_1_165' title='bbox 200 887 285 912; x_wconf 89' lang='lat' dir='ltr'>vero</span> <span class='ocrx_word' id='word_1_166' title='bbox 305 876 512 921; x_wconf 86' lang='lat' dir='ltr'>videamus,</span> <span class='ocrx_word' id='word_1_167' title='bbox 532 887 629 920; x_wconf 89' lang='lat' dir='ltr'>quae</span> <span class='ocrx_word' id='word_1_168' title='bbox 648 876 749 911; x_wconf 88' lang='lat' dir='ltr'>inter</span> <span class='ocrx_word' id='word_1_169' title='bbox 767 876 861 911; x_wconf 86' lang='lat' dir='ltr'>duas</span> <span class='ocrx_word' id='word_1_170' title='bbox 881 875 1115 911; x_wconf 81' lang='lat' dir='ltr'>recensiones</span> <span class='ocrx_word' id='word_1_171' title='bbox 1131 874 1200 918; x_wconf 86' lang='lat' dir='ltr'>vel,</span> <span class='ocrx_word' id='word_1_172' title='bbox 1221 875 1252 910; x_wconf 90' lang='lat' dir='ltr'>si</span> <span class='ocrx_word' id='word_1_173' title='bbox 1271 874 1402 918; x_wconf 87' lang='lat' dir='ltr'>mavis,</span> 
     </span>
     <span class='ocr_line' id='line_1_16' title="bbox 14 927 1402 974; baseline -0.001 -10"><span class='ocrx_word' id='word_1_174' title='bbox 14 941 26 962; x_wconf 69' lang='grc' dir='ltr'><em>ι</em></span> <span class='ocrx_word' id='word_1_175' title='bbox 46 927 144 964; x_wconf 84' lang='lat' dir='ltr'>inter</span> <span class='ocrx_word' id='word_1_176' title='bbox 169 941 297 965; x_wconf 91' lang='lat' dir='ltr'>earum</span> <span class='ocrx_word' id='word_1_177' title='bbox 323 932 502 973; x_wconf 77' lang='lat' dir='ltr'>auctores,</span> <span class='ocrx_word' id='word_1_178' title='bbox 523 929 556 964; x_wconf 94' lang='lat' dir='ltr'><strong>V</strong></span> <span class='ocrx_word' id='word_1_179' title='bbox 575 931 614 965; x_wconf 88' lang='lat' dir='ltr'>et</span> <span class='ocrx_word' id='word_1_180' title='bbox 633 929 737 971; x_wconf 56' lang='lat' dir='ltr'>Van,</span> <span class='ocrx_word' id='word_1_181' title='bbox 766 930 977 964; x_wconf 75' lang='lat' dir='ltr'>intercedat</span> <span class='ocrx_word' id='word_1_182' title='bbox 1000 928 1106 964; x_wconf 87' lang='lat' dir='ltr'>ratio.</span> <span class='ocrx_word' id='word_1_183' title='bbox 1151 929 1314 974; x_wconf 90' lang='lat' dir='ltr'>primum</span> <span class='ocrx_word' id='word_1_184' title='bbox 1340 928 1402 963; x_wconf 92' lang='lat' dir='ltr'>de-</span> 
     </span>
     <span class='ocr_line' id='line_1_17' title="bbox 46 981 1403 1029; baseline 0.001 -12"><span class='ocrx_word' id='word_1_185' title='bbox 46 984 333 1019; x_wconf 83' lang='lat' dir='ltr'>monstrationes</span> <span class='ocrx_word' id='word_1_186' title='bbox 366 984 507 1020; x_wconf 81' lang='lat' dir='ltr'>alterae</span> <span class='ocrx_word' id='word_1_187' title='bbox 538 994 670 1029; x_wconf 88' lang='lat' dir='ltr'><strong>propp.</strong></span> <span class='ocrx_word' id='word_1_188' title='bbox 685 983 752 1027; x_wconf 93' lang='lat' dir='ltr'>VI,</span> <span class='ocrx_word' id='word_1_189' title='bbox 781 983 867 1027; x_wconf 88' lang='lat' dir='ltr'>XII,</span> <span class='ocrx_word' id='word_1_190' title='bbox 896 982 992 1025; x_wconf 89' lang='lat' dir='ltr'>XIV,</span> <span class='ocrx_word' id='word_1_191' title='bbox 1021 982 1088 1018; x_wconf 80' lang='lat' dir='ltr'>XV</span> <span class='ocrx_word' id='word_1_192' title='bbox 1112 981 1339 1018; x_wconf 79' lang='lat' dir='ltr'>recensionis</span> <span class='ocrx_word' id='word_1_193' title='bbox 1364 983 1403 1026; x_wconf 86' lang='lat' dir='ltr'>b,</span> 
     </span>
     <span class='ocr_line' id='line_1_18' title="bbox 12 1036 1404 1083; baseline -0.001 -12"><span class='ocrx_word' id='word_1_194' title='bbox 12 1047 13 1050; x_wconf 50' lang='lat'>¹</span> <span class='ocrx_word' id='word_1_195' title='bbox 48 1047 142 1081; x_wconf 84' lang='lat' dir='ltr'>quae</span> <span class='ocrx_word' id='word_1_196' title='bbox 167 1037 315 1072; x_wconf 88' lang='lat' dir='ltr'>Euclidi</span> <span class='ocrx_word' id='word_1_197' title='bbox 340 1049 415 1073; x_wconf 91' lang='lat' dir='ltr'>non</span> <span class='ocrx_word' id='word_1_198' title='bbox 439 1038 597 1083; x_wconf 87' lang='lat' dir='ltr'>possunt</span> <span class='ocrx_word' id='word_1_199' title='bbox 623 1037 780 1072; x_wconf 86' lang='lat' dir='ltr'>attribui</span> <span class='ocrx_word' id='word_1_200' title='bbox 792 1037 828 1083; x_wconf 89' lang='lat'>¹),</span> <span class='ocrx_word' id='word_1_201' title='bbox 857 1037 897 1071; x_wconf 91' lang='lat' dir='ltr'>in</span> <span class='ocrx_word' id='word_1_202' title='bbox 923 1036 1030 1072; x_wconf 90' lang='lat' dir='ltr'>codd.</span> <span class='ocrx_word' id='word_1_203' title='bbox 1056 1047 1127 1071; x_wconf 91' lang='lat' dir='ltr'>rec.</span> <span class='ocrx_word' id='word_1_204' title='bbox 1149 1046 1173 1071; x_wconf 84' lang='lat' dir='ltr'>a</span> <span class='ocrx_word' id='word_1_205' title='bbox 1197 1047 1273 1070; x_wconf 91' lang='lat' dir='ltr'>non</span> <span class='ocrx_word' id='word_1_206' title='bbox 1297 1046 1404 1081; x_wconf 88' lang='lat' dir='ltr'>repe-</span> 
     </span>
     <span class='ocr_line' id='line_1_19' title="bbox 46 1089 1403 1135; baseline -0.001 -11"><span class='ocrx_word' id='word_1_207' title='bbox 46 1089 204 1134; x_wconf 87' lang='lat' dir='ltr'>riuntur,</span> <span class='ocrx_word' id='word_1_208' title='bbox 213 1091 456 1126; x_wconf 78' lang='lat' dir='ltr'>memorabile</span> <span class='ocrx_word' id='word_1_209' title='bbox 470 1092 526 1126; x_wconf 91' lang='lat' dir='ltr'>est</span> <span class='ocrx_word' id='word_1_210' title='bbox 537 1092 675 1134; x_wconf 87' lang='lat' dir='ltr'>autem,</span> <span class='ocrx_word' id='word_1_211' title='bbox 688 1090 1044 1126; x_wconf 80' lang='lat' dir='ltr'>demonstrationem</span> <span class='ocrx_word' id='word_1_212' title='bbox 1055 1089 1214 1124; x_wconf 84' lang='lat' dir='ltr'>alteram</span> <span class='ocrx_word' id='word_1_213' title='bbox 1223 1101 1328 1135; x_wconf 88' lang='lat' dir='ltr'><strong>prop.</strong></span> <span class='ocrx_word' id='word_1_214' title='bbox 1337 1089 1403 1123; x_wconf 93' lang='lat' dir='ltr'>XII</span> 
     </span>
     <span class='ocr_line' id='line_1_20' title="bbox 49 1142 1403 1187; baseline -0.001 -9"><span class='ocrx_word' id='word_1_215' title='bbox 49 1143 356 1180; x_wconf 80' lang='lat' dir='ltr'>demonstrationi</span> <span class='ocrx_word' id='word_1_216' title='bbox 381 1155 454 1180; x_wconf 86' lang='lat' dir='ltr'>rec.</span> <span class='ocrx_word' id='word_1_217' title='bbox 474 1154 498 1180; x_wconf 80' lang='lat' dir='ltr'>a</span> <span class='ocrx_word' id='word_1_218' title='bbox 527 1155 606 1179; x_wconf 86' lang='lat' dir='ltr'>esse</span> <span class='ocrx_word' id='word_1_219' title='bbox 639 1143 870 1178; x_wconf 89' lang='lat' dir='ltr'>simillimam</span> <span class='ocrx_word' id='word_1_220' title='bbox 894 1143 1060 1187; x_wconf 85' lang='lat' dir='ltr'>itemque</span> <span class='ocrx_word' id='word_1_221' title='bbox 1085 1143 1124 1177; x_wconf 92' lang='lat' dir='ltr'>in</span> <span class='ocrx_word' id='word_1_222' title='bbox 1150 1142 1270 1178; x_wconf 87' lang='lat' dir='ltr'>altera</span> <span class='ocrx_word' id='word_1_223' title='bbox 1293 1143 1403 1187; x_wconf 89' lang='lat' dir='ltr'>parte</span> 
     </span>
     <span class='ocr_line' id='line_1_21' title="bbox 48 1196 1404 1244; baseline -0.001 -12"><span class='ocrx_word' id='word_1_224' title='bbox 48 1197 143 1233; x_wconf 88' lang='lat' dir='ltr'>dem.</span> <span class='ocrx_word' id='word_1_225' title='bbox 156 1197 220 1233; x_wconf 85' lang='lat' dir='ltr'>alt.</span> <span class='ocrx_word' id='word_1_226' title='bbox 241 1209 345 1244; x_wconf 91' lang='lat' dir='ltr'><strong>prop.</strong></span> <span class='ocrx_word' id='word_1_227' title='bbox 359 1198 445 1233; x_wconf 89' lang='lat' dir='ltr'>XIV</span> <span class='ocrx_word' id='word_1_228' title='bbox 465 1197 748 1233; x_wconf 88' lang='lat' dir='ltr'>similitudinem</span> <span class='ocrx_word' id='word_1_229' title='bbox 769 1208 853 1232; x_wconf 92' lang='lat' dir='ltr'>cum</span> <span class='ocrx_word' id='word_1_230' title='bbox 874 1206 898 1232; x_wconf 84' lang='lat' dir='ltr'>a</span> <span class='ocrx_word' id='word_1_231' title='bbox 923 1197 1113 1242; x_wconf 80' lang='lat' dir='ltr'>adparere.</span> <span class='ocrx_word' id='word_1_232' title='bbox 1141 1196 1277 1232; x_wconf 88' lang='lat' dir='ltr'>deinde</span> <span class='ocrx_word' id='word_1_233' title='bbox 1297 1196 1404 1231; x_wconf 88' lang='lat' dir='ltr'>scho-</span> 
     </span>
     <span class='ocr_line' id='line_1_22' title="bbox 46 1249 1402 1297; baseline -0.001 -12"><span class='ocrx_word' id='word_1_234' title='bbox 46 1249 100 1286; x_wconf 83' lang='lat' dir='ltr'>lia</span> <span class='ocrx_word' id='word_1_235' title='bbox 120 1255 198 1294; x_wconf 87' lang='grc'>102,</span> <span class='ocrx_word' id='word_1_236' title='bbox 221 1255 300 1296; x_wconf 87' lang='grc'>127,</span> <span class='ocrx_word' id='word_1_237' title='bbox 323 1256 401 1295; x_wconf 89' lang='grc'>128,</span> <span class='ocrx_word' id='word_1_238' title='bbox 423 1256 489 1287; x_wconf 87' lang='grc'>129</span> <span class='ocrx_word' id='word_1_239' title='bbox 503 1251 528 1297; x_wconf 73' lang='lat'>²)</span> <span class='ocrx_word' id='word_1_240' title='bbox 554 1250 692 1286; x_wconf 87' lang='lat' dir='ltr'>codicis</span> <span class='ocrx_word' id='word_1_241' title='bbox 705 1250 790 1286; x_wconf 87' lang='lat' dir='ltr'>Vat.</span> <span class='ocrx_word' id='word_1_242' title='bbox 810 1251 930 1285; x_wconf 86' lang='lat' dir='ltr'>textui</span> <span class='ocrx_word' id='word_1_243' title='bbox 957 1261 979 1284; x_wconf 87' lang='lat' dir='ltr'>a</span> <span class='ocrx_word' id='word_1_244' title='bbox 1004 1263 1052 1285; x_wconf 92' lang='lat' dir='ltr'>m.</span> <span class='ocrx_word' id='word_1_245' title='bbox 1069 1256 1086 1285; x_wconf 90' lang='lat'>1</span> <span class='ocrx_word' id='word_1_246' title='bbox 1114 1249 1338 1295; x_wconf 87' lang='lat' dir='ltr'>interposita</span> <span class='ocrx_word' id='word_1_247' title='bbox 1363 1249 1402 1283; x_wconf 87' lang='lat' dir='ltr'>in</span> 
     </span>
     <span class='ocr_line' id='line_1_23' title="bbox 47 1303 1403 1349; baseline -0.001 -11"><span class='ocrx_word' id='word_1_248' title='bbox 47 1303 80 1338; x_wconf 93' lang='lat' dir='ltr'><strong>V</strong></span> <span class='ocrx_word' id='word_1_249' title='bbox 95 1315 169 1340; x_wconf 91' lang='lat' dir='ltr'>non</span> <span class='ocrx_word' id='word_1_250' title='bbox 189 1307 346 1341; x_wconf 85' lang='lat' dir='ltr'>exstant.</span> <span class='ocrx_word' id='word_1_251' title='bbox 386 1307 517 1341; x_wconf 88' lang='lat' dir='ltr'>eontra</span> <span class='ocrx_word' id='word_1_252' title='bbox 536 1305 654 1340; x_wconf 83' lang='lat' dir='ltr'>codex</span> <span class='ocrx_word' id='word_1_253' title='bbox 666 1304 751 1340; x_wconf 75' lang='lat' dir='ltr'><strong>vat.</strong></span> <span class='ocrx_word' id='word_1_254' title='bbox 773 1315 843 1339; x_wconf 94' lang='lat' dir='ltr'>om.</span> <span class='ocrx_word' id='word_1_255' title='bbox 864 1316 898 1349; x_wconf 91' lang='lat' dir='ltr'><strong>p.</strong></span> <span class='ocrx_word' id='word_1_256' title='bbox 915 1308 947 1349; x_wconf 88' lang='lat'>8,</span> <span class='ocrx_word' id='word_1_257' title='bbox 964 1308 1047 1339; x_wconf 89' lang='grc'>29-</span> <span class='ocrx_word' id='word_1_258' title='bbox 1061 1307 1116 1347; x_wconf 91' lang='grc'>10,</span> <span class='ocrx_word' id='word_1_259' title='bbox 1133 1308 1153 1338; x_wconf 91' lang='grc'>2</span> <span class='ocrx_word' id='word_1_260' title='bbox 1174 1305 1212 1339; x_wconf 89' lang='lat' dir='ltr'>et</span> <span class='ocrx_word' id='word_1_261' title='bbox 1230 1314 1287 1348; x_wconf 90' lang='lat' dir='ltr'>ea,</span> <span class='ocrx_word' id='word_1_262' title='bbox 1307 1313 1403 1348; x_wconf 89' lang='lat' dir='ltr'>quae</span> 
     </span>
     <span class='ocr_line' id='line_1_24' title="bbox 49 1357 1401 1404; baseline 0 -13"><span class='ocrx_word' id='word_1_263' title='bbox 49 1359 254 1402; x_wconf 89' lang='lat' dir='ltr'>sequuntur</span> <span class='ocrx_word' id='word_1_264' title='bbox 278 1371 314 1404; x_wconf 93' lang='lat' dir='ltr'><strong>p.</strong></span> <span class='ocrx_word' id='word_1_265' title='bbox 333 1364 389 1403; x_wconf 90' lang='grc'>10,</span> <span class='ocrx_word' id='word_1_266' title='bbox 411 1363 556 1403; x_wconf 85' lang='lat'>3—-10,</span> <span class='ocrx_word' id='word_1_267' title='bbox 588 1358 702 1393; x_wconf 88' lang='lat' dir='ltr'>habet</span> <span class='ocrx_word' id='word_1_268' title='bbox 730 1369 797 1403; x_wconf 90' lang='lat' dir='ltr'>pro</span> <span class='ocrx_word' id='word_1_269' title='bbox 824 1357 994 1400; x_wconf 88' lang='lat' dir='ltr'>scholiis;</span> <span class='ocrx_word' id='word_1_270' title='bbox 1027 1370 1057 1392; x_wconf 89' lang='lat' dir='ltr'>v.</span> <span class='ocrx_word' id='word_1_271' title='bbox 1085 1357 1198 1392; x_wconf 89' lang='lat' dir='ltr'>schol.</span> <span class='ocrx_word' id='word_1_272' title='bbox 1222 1361 1300 1400; x_wconf 84' lang='lat'>106,</span> <span class='ocrx_word' id='word_1_273' title='bbox 1323 1361 1401 1392; x_wconf 87' lang='lat'>114.</span> 
     </span>
     <span class='ocr_line' id='line_1_25' title="bbox 48 1410 1403 1458; baseline -0.001 -12"><span class='ocrx_word' id='word_1_274' title='bbox 48 1411 382 1449; x_wconf 85' lang='lat' dir='ltr'>demonstrationes</span> <span class='ocrx_word' id='word_1_275' title='bbox 409 1413 562 1458; x_wconf 89' lang='lat' dir='ltr'>quidem</span> <span class='ocrx_word' id='word_1_276' title='bbox 593 1423 724 1458; x_wconf 87' lang='lat' dir='ltr'><strong>propp.</strong></span> <span class='ocrx_word' id='word_1_277' title='bbox 746 1411 901 1446; x_wconf 81' lang='lat' dir='ltr'>1—V111</span> <span class='ocrx_word' id='word_1_278' title='bbox 932 1412 1018 1456; x_wconf 80' lang='lat' dir='ltr'>post</span> <span class='ocrx_word' id='word_1_279' title='bbox 1045 1410 1278 1456; x_wconf 88' lang='lat' dir='ltr'>prooemium</span> <span class='ocrx_word' id='word_1_280' title='bbox 1305 1421 1403 1445; x_wconf 89' lang='lat' dir='ltr'>com-</span> 
     </span>
     <span class='ocr_line' id='line_1_26' title="bbox 46 1463 1402 1512; baseline -0.001 -13"><span class='ocrx_word' id='word_1_281' title='bbox 46 1476 156 1500; x_wconf 86' lang='lat' dir='ltr'>mune</span> <span class='ocrx_word' id='word_1_282' title='bbox 174 1466 214 1500; x_wconf 89' lang='lat' dir='ltr'>in</span> <span class='ocrx_word' id='word_1_283' title='bbox 233 1468 393 1512; x_wconf 86' lang='lat' dir='ltr'>utraque</span> <span class='ocrx_word' id='word_1_284' title='bbox 412 1467 627 1502; x_wconf 85' lang='lat' dir='ltr'>recensione</span> <span class='ocrx_word' id='word_1_285' title='bbox 647 1465 702 1500; x_wconf 88' lang='lat' dir='ltr'>ita</span> <span class='ocrx_word' id='word_1_286' title='bbox 721 1465 855 1501; x_wconf 88' lang='lat' dir='ltr'>eadem</span> <span class='ocrx_word' id='word_1_287' title='bbox 875 1465 935 1500; x_wconf 88' lang='lat' dir='ltr'>via</span> <span class='ocrx_word' id='word_1_288' title='bbox 958 1476 1001 1499; x_wconf 89' lang='lat' dir='ltr'>ac</span> <span class='ocrx_word' id='word_1_289' title='bbox 1020 1464 1165 1500; x_wconf 86' lang='lat' dir='ltr'>ratione</span> <span class='ocrx_word' id='word_1_290' title='bbox 1185 1463 1402 1510; x_wconf 89' lang='lat' dir='ltr'>procedunt,</span> 
     </span>
     <span class='ocr_line' id='line_1_27' title="bbox 47 1517 1402 1565; baseline 0 -13"><span class='ocrx_word' id='word_1_291' title='bbox 47 1520 89 1552; x_wconf 80' lang='lat' dir='ltr'>ut</span> <span class='ocrx_word' id='word_1_292' title='bbox 113 1519 245 1554; x_wconf 88' lang='lat' dir='ltr'>eadem</span> <span class='ocrx_word' id='word_1_293' title='bbox 269 1520 447 1565; x_wconf 79' lang='lat' dir='ltr'>Autolyci</span> <span class='ocrx_word' id='word_1_294' title='bbox 472 1522 511 1555; x_wconf 90' lang='lat' dir='ltr'>et</span> <span class='ocrx_word' id='word_1_295' title='bbox 535 1518 736 1555; x_wconf 85' lang='lat' dir='ltr'>Theodosii</span> <span class='ocrx_word' id='word_1_296' title='bbox 762 1519 994 1554; x_wconf 87' lang='lat' dir='ltr'>theoremata</span> <span class='ocrx_word' id='word_1_297' title='bbox 1019 1518 1155 1553; x_wconf 88' lang='lat' dir='ltr'>iisdem</span> <span class='ocrx_word' id='word_1_298' title='bbox 1180 1517 1272 1553; x_wconf 89' lang='lat' dir='ltr'>locis</span> <span class='ocrx_word' id='word_1_299' title='bbox 1297 1529 1402 1552; x_wconf 87' lang='lat' dir='ltr'>usur-</span> 
     </span>
     <span class='ocr_line' id='line_1_28' title="bbox 47 1571 1403 1618; baseline -0.001 -11"><span class='ocrx_word' id='word_1_300' title='bbox 47 1573 199 1618; x_wconf 86' lang='lat' dir='ltr'>pentur,</span> <span class='ocrx_word' id='word_1_301' title='bbox 237 1573 338 1608; x_wconf 88' lang='lat' dir='ltr'>idem</span> <span class='ocrx_word' id='word_1_302' title='bbox 373 1573 422 1608; x_wconf 84' lang='lat' dir='ltr'>sit</span> <span class='ocrx_word' id='word_1_303' title='bbox 456 1573 737 1609; x_wconf 86' lang='lat' dir='ltr'>conclusionum</span> <span class='ocrx_word' id='word_1_304' title='bbox 770 1572 859 1607; x_wconf 89' lang='lat' dir='ltr'>ordo</span> <span class='ocrx_word' id='word_1_305' title='bbox 891 1572 1128 1617; x_wconf 85' lang='lat' dir='ltr'>plurimaque</span> <span class='ocrx_word' id='word_1_306' title='bbox 1161 1571 1296 1606; x_wconf 83' lang='lat' dir='ltr'>iisdem</span> <span class='ocrx_word' id='word_1_307' title='bbox 1327 1571 1403 1606; x_wconf 91' lang='lat' dir='ltr'>fere</span> 
     </span>
     <span class='ocr_line' id='line_1_29' title="bbox 47 1624 1403 1672; baseline 0 -13"><span class='ocrx_word' id='word_1_308' title='bbox 47 1625 167 1660; x_wconf 90' lang='lat' dir='ltr'>verbis</span> <span class='ocrx_word' id='word_1_309' title='bbox 202 1637 374 1671; x_wconf 87' lang='lat' dir='ltr'>expressa</span> <span class='ocrx_word' id='word_1_310' title='bbox 408 1627 593 1672; x_wconf 86' lang='lat' dir='ltr'>legantur.</span> <span class='ocrx_word' id='word_1_311' title='bbox 639 1627 782 1661; x_wconf 88' lang='lat' dir='ltr'>ceteras</span> <span class='ocrx_word' id='word_1_312' title='bbox 814 1636 898 1660; x_wconf 83' lang='lat' dir='ltr'>vero</span> <span class='ocrx_word' id='word_1_313' title='bbox 934 1625 1288 1668; x_wconf 86' lang='lat' dir='ltr'>demonstrationes,</span> <span class='ocrx_word' id='word_1_314' title='bbox 1327 1624 1403 1660; x_wconf 87' lang='lat' dir='ltr'>sive</span> 
     </span>
     <span class='ocr_line' id='line_1_30' title="bbox 20 1679 1404 1726; baseline -0.001 -12"><span class='ocrx_word' id='word_1_315' title='bbox 20 1686 23 1705; x_wconf 72' lang='lat'>2</span> <span class='ocrx_word' id='word_1_316' title='bbox 47 1690 228 1714; x_wconf 84' lang='lat' dir='ltr'>summam</span> <span class='ocrx_word' id='word_1_317' title='bbox 260 1682 407 1725; x_wconf 87' lang='lat' dir='ltr'>spectas</span> <span class='ocrx_word' id='word_1_318' title='bbox 439 1681 515 1715; x_wconf 91' lang='lat' dir='ltr'>sive</span> <span class='ocrx_word' id='word_1_319' title='bbox 547 1680 697 1726; x_wconf 90' lang='lat' dir='ltr'>singula</span> <span class='ocrx_word' id='word_1_320' title='bbox 727 1680 900 1725; x_wconf 86' lang='lat' dir='ltr'>respicis,</span> <span class='ocrx_word' id='word_1_321' title='bbox 933 1679 1018 1724; x_wconf 90' lang='lat' dir='ltr'>plus</span> <span class='ocrx_word' id='word_1_322' title='bbox 1046 1679 1215 1714; x_wconf 89' lang='lat' dir='ltr'>minusve</span> <span class='ocrx_word' id='word_1_323' title='bbox 1241 1679 1340 1713; x_wconf 88' lang='lat' dir='ltr'>inter</span> <span class='ocrx_word' id='word_1_324' title='bbox 1364 1689 1404 1713; x_wconf 87' lang='lat' dir='ltr'>se</span> 
     </span>
     <span class='ocr_line' id='line_1_31' title="bbox 48 1731 1401 1780; baseline 0 -14"><span class='ocrx_word' id='word_1_325' title='bbox 48 1732 240 1769; x_wconf 86' lang='lat' dir='ltr'>dissident.</span> <span class='ocrx_word' id='word_1_326' title='bbox 277 1744 321 1769; x_wconf 88' lang='lat' dir='ltr'>ac</span> <span class='ocrx_word' id='word_1_327' title='bbox 340 1734 608 1780; x_wconf 86' lang='lat' dir='ltr'>propositionis</span> <span class='ocrx_word' id='word_1_328' title='bbox 627 1733 678 1768; x_wconf 89' lang='lat' dir='ltr'>IX</span> <span class='ocrx_word' id='word_1_329' title='bbox 698 1733 849 1778; x_wconf 88' lang='lat' dir='ltr'>quidem</span> <span class='ocrx_word' id='word_1_330' title='bbox 875 1733 980 1778; x_wconf 88' lang='lat' dir='ltr'>ipsae</span> <span class='ocrx_word' id='word_1_331' title='bbox 997 1734 1166 1777; x_wconf 89' lang='lat' dir='ltr'>protases</span> <span class='ocrx_word' id='word_1_332' title='bbox 1186 1731 1401 1775; x_wconf 87' lang='lat' dir='ltr'>discedunt;</span> 
     </span>
     <span class='ocr_line' id='line_1_32' title="bbox 20 1782 1404 1833; baseline -0.001 -12"><span class='ocrx_word' id='word_1_333' title='bbox 20 1782 23 1829; x_wconf 53' lang='lat' dir='ltr'>j</span> <span class='ocrx_word' id='word_1_334' title='bbox 47 1786 189 1821; x_wconf 86' lang='lat' dir='ltr'>omittit</span> <span class='ocrx_word' id='word_1_335' title='bbox 211 1787 310 1822; x_wconf 90' lang='lat' dir='ltr'>enim</span> <span class='ocrx_word' id='word_1_336' title='bbox 331 1787 413 1823; x_wconf 88' lang='lat' dir='ltr'>Vat.</span> <span class='ocrx_word' id='word_1_337' title='bbox 435 1800 470 1833; x_wconf 93' lang='lat' dir='ltr'><strong>p.</strong></span> <span class='ocrx_word' id='word_1_338' title='bbox 486 1792 543 1830; x_wconf 90' lang='lat'>44,</span> <span class='ocrx_word' id='word_1_339' title='bbox 561 1791 603 1823; x_wconf 88' lang='lat'>13</span> <span class='ocrx_word' id='word_1_340' title='bbox 625 1786 809 1822; x_wconf 79' lang='grc' dir='ltr'>ὅταν-15</span> <span class='ocrx_word' id='word_1_341' title='bbox 830 1792 1022 1830; x_wconf 79' lang='grc' dir='ltr'><em>τροπικοῦ,</em></span> <span class='ocrx_word' id='word_1_342' title='bbox 1042 1797 1140 1831; x_wconf 88' lang='lat' dir='ltr'>quae</span> <span class='ocrx_word' id='word_1_343' title='bbox 1159 1785 1273 1821; x_wconf 81' lang='lat' dir='ltr'>verba</span> <span class='ocrx_word' id='word_1_344' title='bbox 1292 1797 1404 1831; x_wconf 89' lang='lat' dir='ltr'>supra</span> 
     </span>
     <span class='ocr_line' id='line_1_33' title="bbox 47 1835 1404 1885; baseline -0.001 -10"><span class='ocrx_word' id='word_1_345' title='bbox 47 1840 181 1885; x_wconf 84' lang='lat' dir='ltr'>negavi</span> <span class='ocrx_word' id='word_1_346' title='bbox 209 1840 427 1877; x_wconf 85' lang='lat' dir='ltr'>redundare.</span> <span class='ocrx_word' id='word_1_347' title='bbox 461 1835 644 1877; x_wconf 74' lang='lat' dir='ltr'>‘ectheses</span> <span class='ocrx_word' id='word_1_348' title='bbox 676 1842 801 1876; x_wconf 80' lang='lat' dir='ltr'>autem</span> <span class='ocrx_word' id='word_1_349' title='bbox 833 1840 968 1885; x_wconf 88' lang='lat' dir='ltr'>prioris</span> <span class='ocrx_word' id='word_1_350' title='bbox 1000 1839 1118 1885; x_wconf 85' lang='lat' dir='ltr'>partis</span> <span class='ocrx_word' id='word_1_351' title='bbox 1151 1839 1204 1874; x_wconf 88' lang='lat' dir='ltr'>sic</span> <span class='ocrx_word' id='word_1_352' title='bbox 1235 1839 1333 1874; x_wconf 85' lang='lat' dir='ltr'>inter</span> <span class='ocrx_word' id='word_1_353' title='bbox 1365 1850 1404 1874; x_wconf 91' lang='lat' dir='ltr'>se</span> 
     </span>
     <span class='ocr_line' id='line_1_34' title="bbox 49 1891 1402 1939; baseline 0 -12"><span class='ocrx_word' id='word_1_354' title='bbox 49 1892 236 1937; x_wconf 85' lang='lat' dir='ltr'>differunt,</span> <span class='ocrx_word' id='word_1_355' title='bbox 261 1895 305 1929; x_wconf 88' lang='lat' dir='ltr'>ut</span> <span class='ocrx_word' id='word_1_356' title='bbox 324 1894 356 1929; x_wconf 94' lang='lat' dir='ltr'><strong>V</strong></span> <span class='ocrx_word' id='word_1_357' title='bbox 377 1895 691 1930; x_wconf 87' lang='lat' dir='ltr'>constructionem</span> <span class='ocrx_word' id='word_1_358' title='bbox 717 1894 897 1939; x_wconf 84' lang='lat' dir='ltr'>praebeat</span> <span class='ocrx_word' id='word_1_359' title='bbox 921 1906 957 1939; x_wconf 91' lang='lat' dir='ltr'>p.</span> <span class='ocrx_word' id='word_1_360' title='bbox 969 1897 1171 1938; x_wconf 70' lang='lat' dir='ltr'>46,22sqq.</span> <span class='ocrx_word' id='word_1_361' title='bbox 1198 1894 1286 1928; x_wconf 90' lang='lat' dir='ltr'>ante</span> <span class='ocrx_word' id='word_1_362' title='bbox 1311 1891 1402 1938; x_wconf 80' lang='grc' dir='ltr'><em>λέγω</em></span> 
     </span>
     <span class='ocr_line' id='line_1_35' title="bbox 48 1946 1403 1993; baseline -0.001 -12"><span class='ocrx_word' id='word_1_363' title='bbox 48 1946 95 1991; x_wconf 80' lang='grc' dir='ltr'>δή</span> <span class='ocrx_word' id='word_1_364' title='bbox 114 1950 200 1992; x_wconf 60' lang='grc' dir='ltr'>κτλ,</span> <span class='ocrx_word' id='word_1_365' title='bbox 220 1947 305 1983; x_wconf 88' lang='lat' dir='ltr'>Vat.</span> <span class='ocrx_word' id='word_1_366' title='bbox 325 1959 411 1984; x_wconf 86' lang='lat' dir='ltr'>vero</span> <span class='ocrx_word' id='word_1_367' title='bbox 429 1961 464 1993; x_wconf 89' lang='lat' dir='ltr'>p.</span> <span class='ocrx_word' id='word_1_368' title='bbox 481 1952 537 1992; x_wconf 89' lang='lat'>48,</span> <span class='ocrx_word' id='word_1_369' title='bbox 552 1953 574 1983; x_wconf 83' lang='lat'>4</span> <span class='ocrx_word' id='word_1_370' title='bbox 599 1948 709 1982; x_wconf 89' lang='lat' dir='ltr'>initio</span> <span class='ocrx_word' id='word_1_371' title='bbox 730 1947 1070 1982; x_wconf 85' lang='lat' dir='ltr'>demonstrationis.</span> <span class='ocrx_word' id='word_1_372' title='bbox 1109 1946 1263 1982; x_wconf 86' lang='lat' dir='ltr'>alterius</span> <span class='ocrx_word' id='word_1_373' title='bbox 1283 1946 1403 1992; x_wconf 88' lang='lat' dir='ltr'>partis</span> 
     </span>
     <span class='ocr_line' id='line_1_36' title="bbox 49 2000 1402 2046; baseline -0.001 -11"><span class='ocrx_word' id='word_1_374' title='bbox 49 2000 207 2036; x_wconf 81' lang='lat' dir='ltr'>ecthesis</span> <span class='ocrx_word' id='word_1_375' title='bbox 232 2012 267 2046; x_wconf 91' lang='lat' dir='ltr'>p.</span> <span class='ocrx_word' id='word_1_376' title='bbox 284 2005 328 2035; x_wconf 85' lang='lat'>52</span> <span class='ocrx_word' id='word_1_377' title='bbox 354 2001 394 2036; x_wconf 91' lang='lat' dir='ltr'>in</span> <span class='ocrx_word' id='word_1_378' title='bbox 422 2002 453 2037; x_wconf 93' lang='lat' dir='ltr'><strong>V</strong></span> <span class='ocrx_word' id='word_1_379' title='bbox 479 2002 599 2045; x_wconf 69' lang='lat' dir='ltr'>deest,</span> <span class='ocrx_word' id='word_1_380' title='bbox 632 2001 671 2036; x_wconf 94' lang='lat' dir='ltr'>in</span> <span class='ocrx_word' id='word_1_381' title='bbox 696 2000 782 2036; x_wconf 85' lang='lat' dir='ltr'>Vat.</span> <span class='ocrx_word' id='word_1_382' title='bbox 809 2013 844 2046; x_wconf 91' lang='lat' dir='ltr'>p.</span> <span class='ocrx_word' id='word_1_383' title='bbox 860 2005 904 2036; x_wconf 85' lang='lat'>54</span> <span class='ocrx_word' id='word_1_384' title='bbox 938 2000 1127 2036; x_wconf 88' lang='lat' dir='ltr'>conclusio</span> <span class='ocrx_word' id='word_1_385' title='bbox 1153 2000 1402 2042; x_wconf 55' lang='lat' dir='ltr'>desideratum</span> 
     </span>
     <span class='ocr_line' id='line_1_37' title="bbox 10 2052 1403 2101; baseline 0.001 -14"><span class='ocrx_word' id='word_1_386' title='bbox 10 2098 12 2101; x_wconf 22' lang='grc' dir='ltr'>ι</span> <span class='ocrx_word' id='word_1_387' title='bbox 49 2052 383 2090; x_wconf 83' lang='lat' dir='ltr'>demonstrationes</span> <span class='ocrx_word' id='word_1_388' title='bbox 406 2055 512 2101; x_wconf 84' lang='lat' dir='ltr'>ipsae</span> <span class='ocrx_word' id='word_1_389' title='bbox 533 2055 690 2090; x_wconf 83' lang='lat' dir='ltr'>eandem</span> <span class='ocrx_word' id='word_1_390' title='bbox 713 2054 897 2090; x_wconf 86' lang='lat' dir='ltr'>rationem</span> <span class='ocrx_word' id='word_1_391' title='bbox 918 2056 1133 2099; x_wconf 86' lang='lat' dir='ltr'>sequuntur.</span> <span class='ocrx_word' id='word_1_392' title='bbox 1173 2054 1403 2089; x_wconf 86' lang='lat' dir='ltr'>demonstra-</span> 
     </span>
     <span class='ocr_line' id='line_1_38' title="bbox 42 2104 1402 2156; baseline 0.001 -16"><span class='ocrx_word' id='word_1_393' title='bbox 42 2104 167 2141; x_wconf 74' lang='lat' dir='ltr'>&#39;tiones</span> <span class='ocrx_word' id='word_1_394' title='bbox 198 2107 333 2156; x_wconf 80' lang='lat' dir='ltr'>prioris</span> <span class='ocrx_word' id='word_1_395' title='bbox 364 2109 482 2153; x_wconf 87' lang='lat' dir='ltr'>partis</span> <span class='ocrx_word' id='word_1_396' title='bbox 514 2120 618 2154; x_wconf 92' lang='lat' dir='ltr'><strong>prop.</strong></span> <span class='ocrx_word' id='word_1_397' title='bbox 642 2108 674 2142; x_wconf 92' lang='lat' dir='ltr'>X</span> <span class='ocrx_word' id='word_1_398' title='bbox 706 2107 993 2142; x_wconf 88' lang='lat' dir='ltr'>similitudinem</span> <span class='ocrx_word' id='word_1_399' title='bbox 1025 2107 1212 2152; x_wconf 84' lang='lat' dir='ltr'>quandam</span> <span class='ocrx_word' id='word_1_400' title='bbox 1242 2118 1332 2152; x_wconf 87' lang='lat' dir='ltr'>prae</span> <span class='ocrx_word' id='word_1_401' title='bbox 1364 2117 1402 2142; x_wconf 87' lang='lat' dir='ltr'>se</span> 
     </span>
    </p>
   </div>
   <div class='ocr_carea' id='block_1_3' title="bbox 108 2225 1402 2320">
    <p class='ocr_par' dir='ltr' id='par_1_3' title="bbox 108 2225 1402 2320">
     <span class='ocr_line' id='line_1_39' title="bbox 109 2225 864 2272; baseline -0.001 -11"><span class='ocrx_word' id='word_1_402' title='bbox 109 2227 143 2271; x_wconf 84' lang='lat'>1)</span> <span class='ocrx_word' id='word_1_403' title='bbox 162 2226 196 2261; x_wconf 92' lang='lat' dir='ltr'><strong>V</strong></span> <span class='ocrx_word' id='word_1_404' title='bbox 214 2225 318 2261; x_wconf 89' lang='lat' dir='ltr'><strong>vol.V</strong></span> <span class='ocrx_word' id='word_1_405' title='bbox 339 2238 374 2271; x_wconf 92' lang='lat' dir='ltr'>p.</span> <span class='ocrx_word' id='word_1_406' title='bbox 389 2226 539 2262; x_wconf 90' lang='lat' dir='ltr'>LXXIX</span> <span class='ocrx_word' id='word_1_407' title='bbox 564 2229 600 2263; x_wconf 90' lang='lat' dir='ltr'>et</span> <span class='ocrx_word' id='word_1_408' title='bbox 618 2227 667 2262; x_wconf 91' lang='lat' dir='ltr'>VI</span> <span class='ocrx_word' id='word_1_409' title='bbox 690 2238 726 2272; x_wconf 91' lang='lat' dir='ltr'>p.</span> <span class='ocrx_word' id='word_1_410' title='bbox 741 2226 864 2261; x_wconf 89' lang='lat' dir='ltr'><strong>XLIX.</strong></span> 
     </span>
     <span class='ocr_line' id='line_1_40' title="bbox 108 2273 1402 2320; baseline -0.001 -13"><span class='ocrx_word' id='word_1_411' title='bbox 108 2276 142 2318; x_wconf 92' lang='lat'>2)</span> <span class='ocrx_word' id='word_1_412' title='bbox 167 2273 356 2309; x_wconf 82' lang='lat' dir='ltr'>Scholium</span> <span class='ocrx_word' id='word_1_413' title='bbox 377 2278 444 2309; x_wconf 87' lang='grc'>122</span> <span class='ocrx_word' id='word_1_414' title='bbox 473 2274 535 2309; x_wconf 87' lang='lat' dir='ltr'>hic</span> <span class='ocrx_word' id='word_1_415' title='bbox 559 2277 768 2320; x_wconf 86' lang='lat' dir='ltr'>praetereo,</span> <span class='ocrx_word' id='word_1_416' title='bbox 800 2286 884 2309; x_wconf 89' lang='lat' dir='ltr'>cum</span> <span class='ocrx_word' id='word_1_417' title='bbox 909 2274 948 2308; x_wconf 90' lang='lat' dir='ltr'>in</span> <span class='ocrx_word' id='word_1_418' title='bbox 974 2273 1114 2309; x_wconf 88' lang='lat' dir='ltr'>codicis</span> <span class='ocrx_word' id='word_1_419' title='bbox 1139 2274 1222 2308; x_wconf 87' lang='lat' dir='ltr'>Vat.</span> <span class='ocrx_word' id='word_1_420' title='bbox 1249 2274 1352 2307; x_wconf 81' lang='lat' dir='ltr'>textu</span> <span class='ocrx_word' id='word_1_421' title='bbox 1380 2282 1402 2306; x_wconf 89' lang='lat' dir='ltr'>a</span> 
     </span>
    </p>
   </div>
   <div class='ocr_carea' id='block_1_4' title="bbox 50 2321 1062 2367">
    <p class='ocr_par' dir='ltr' id='par_1_4' title="bbox 50 2321 1062 2367">
     <span class='ocr_line' id='line_1_41' title="bbox 50 2321 1062 2367; baseline 0 -12"><span class='ocrx_word' id='word_1_422' title='bbox 50 2331 98 2356; x_wconf 88' lang='lat' dir='ltr'>m.</span> <span class='ocrx_word' id='word_1_423' title='bbox 116 2331 187 2356; x_wconf 81' lang='lat' dir='ltr'>rec.</span> <span class='ocrx_word' id='word_1_424' title='bbox 215 2323 334 2357; x_wconf 85' lang='lat' dir='ltr'>exstet</span> <span class='ocrx_word' id='word_1_425' title='bbox 358 2332 479 2366; x_wconf 90' lang='lat' dir='ltr'>neque</span> <span class='ocrx_word' id='word_1_426' title='bbox 505 2322 554 2356; x_wconf 90' lang='lat' dir='ltr'>ad</span> <span class='ocrx_word' id='word_1_427' title='bbox 579 2322 700 2367; x_wconf 85' lang='lat' dir='ltr'>ipsam</span> <span class='ocrx_word' id='word_1_428' title='bbox 725 2333 796 2357; x_wconf 85' lang='lat' dir='ltr'>rec.</span> <span class='ocrx_word' id='word_1_429' title='bbox 817 2322 842 2357; x_wconf 79' lang='lat' dir='ltr'><strong>b</strong></span> <span class='ocrx_word' id='word_1_430' title='bbox 868 2321 1062 2366; x_wconf 85' lang='lat' dir='ltr'>pertineat.</span> 
     </span>
    </p>
   </div>
  </div>
 </body>
</html>
