1494 2450
553 50 887 87 PHAENOMENA
1361 53 1416 95 85

10 164 24 172 '
43 161 158 204 nimo
185 163 326 203 autem
353 163 453 213 ΛΗ,
481 163 596 215 HM,
628 160 962 216 aequali-autem
993 163 1085 202 AN
1106 162 1148 202 et
1176 163 1269 216 ΓΚ,
1298 164 1401 204 ΜΝ

7 211 10 234 l
43 228 86 269 ct
109 228 206 280 KA,
232 229 318 269 HA
343 228 386 268 ct
411 228 515 268 MH
535 225 674 281 [prop.
695 225 809 282 XII].
860 228 903 268 et
928 226 1145 282 quoniam,
1177 241 1262 282 quo
1289 230 1394 270 tcm-

41 305 142 347 pore
169 293 250 333 08
273 291 421 347 oritur,
447 306 496 333 co
523 290 651 333 etiam
683 294 769 333 ΘΠ
791 290 899 347 [ib.],
925 305 1070 333 verum
1094 307 1179 347 quo
1199 295 1394 349 tempore

6 387 9 398 2
44 359 123 399 ΟΘ
146 357 294 410 oritur,
319 359 413 399 AH
432 356 599 412 occidit,
631 371 717 411 quo
744 359 886 398 autem
913 359 1105 412 tempore
1135 360 1225 400 ΘΠ
1245 359 1394 413 oritur,

6 420 13 436 ²
42 424 151 464 HM
175 421 330 465 occidit
366 422 505 478 [prop.
526 421 604 477 XI]
615 456 626 477 ,
664 425 750 464 HA
785 424 827 464 ct
860 425 971 464 HM
997 423 1167 478 aequali
1201 426 1394 479 tempore

6 511 8 531 i
42 486 248 529 occidunt.
288 487 433 529 eadem
453 487 504 529 de
525 502 652 530 causa
671 488 801 529 etiam
824 491 926 530 MN
940 491 983 531 et
1003 491 1101 543 AK,
1130 491 1217 531 NA
1238 492 1279 531 et
1302 492 1394 532 ΚΓ.

583 665 851 721 [Lemma.1)

100 749 256 791 Circuli
282 749 438 791 zodiaci
463 765 637 792 arcuum
660 750 733 806 qui
754 750 952 806 aequales
973 753 1073 793 sunt
1093 754 1134 793 et
1154 751 1207 793 ab
1228 752 1394 794 utrovis

0 811 1 826 ³
41 817 237 857 contactu
262 815 429 870 tropico
457 816 625 870 aequali
646 816 872 859 intervallo
895 815 1067 871 distant,
1095 831 1179 871 quo
1201 819 1394 872 tempore

40 880 146 922 alter
170 879 316 933 oritur,
342 879 450 922 alter
477 881 635 924 occidit
660 883 702 924 et
726 881 927 923 vicissim.

879 947 936 988 sit
960 947 1004 988 in
1023 947 1183 990 mundo
1207 949 1392 992 circulus

816 1012 996 1054 horizon
1006 1015 1186 1068 ΑΒΓΔ,
1202 1014 1394 1057 aestivus

817 1080 960 1120 autem
977 1078 1171 1133 tropicus
1186 1083 1286 1134 ΑΛ,
1307 1080 1394 1122 hie-

817 1143 940 1185 malis
968 1146 1110 1186 autem
1138 1147 1229 1199 BF,
1255 1145 1394 1187 zodia-

816 1223 890 1250 cus
925 1211 1067 1250 autem
1102 1209 1286 1253 circulus
1319 1225 1395 1266 po-

817 1274 1018 1316 sitionem
1064 1274 1222 1317 habeat
1266 1279 1394 1318 BEA

626 1347 682 1375 ετ·
718 1327 766 1372 ’ὃν
816 1342 858 1381 et
890 1340 1139 1381 auferantur
1172 1356 1294 1383 arcus
1327 1357 1391 1383 ae-

714 1436 733 1456 ν
816 1406 964 1459 quales
985 1409 1027 1447 et
1048 1421 1072 1446 a
1089 1408 1289 1448 contactu
1304 1409 1392 1449 tro—

816 1470 914 1525 pico
954 1471 1122 1526 aequali
1163 1471 1391 1515 intervallo

817 1536 1025 1578 distantes
1046 1540 1138 1590 EZ,
1156 1540 1261 1592 ΗΘ;
1282 1537 1393 1592 dico,

816 1616 900 1656 quo
916 1604 1109 1656 tempore
1125 1605 1203 1644 EZ
1218 1603 1393 1657 oriatur,

815 1682 864 1708 eo
882 1670 969 1709 ΗΘ
988 1667 1182 1709 occidere
1204 1670 1246 1709 et
1266 1668 1393 1710 vicis-

821 1732 912 1773 sim.

99 1798 385 1851 supponatur,
417 1796 728 1839 semicirculum
759 1800 904 1851 ΒΘΔ,
945 1798 1017 1852 qui
1049 1800 1149 1853 post
1183 1797 1393 1847 Cancrum

42 1861 117 1914 est,
142 1860 342 1903 occidere.
394 1864 588 1904 sumatur
613 1864 754 1905 autem
783 1863 899 1904 arcui
926 1865 1014 1905 ΗΘ
1039 1863 1225 1918 aequalis
1252 1867 1294 1906 et
1321 1879 1394 1920 op-

41 1924 206 1980 positus
245 1941 367 1969 arcus
401 1929 504 1982 KA,
546 1928 621 1982 qui
660 1927 917 1970 semicirculi
954 1931 1054 1983 post
1086 1927 1391 1984 Capricornum

41 1991 115 2032 est.
165 2005 286 2033 arcus
312 1994 410 2047 ΚΛ,
436 1996 515 2035 ΕΖ
540 1992 674 2049 igitur
700 1996 742 2035 et
766 1993 819 2036 ab
847 1994 1151 2049 aequinoctiali
1178 1997 1219 2036 et
1245 2010 1268 2036 a
1296 2010 1392 2037 con-

30 2055 226 2098 <tactibus
264 2058 439 2113 tropicis
478 2058 714 2113 acqualiter
751 2059 958 2102 distantes
997 2059 1166 2114 aequali
1198 2062 1392 2116 tempore

43 2119 237 2164 oriuntur
275 2124 413 2178 [prop.
444 2123 535 2179 12];
578 2139 727 2166 verum
766 2139 851 2180 quo
890 2127 1083 2181 tempore
1122 2127 1206 2167 KA
1245 2125 1393 2180 oritur,

42 2199 161 2228 arcus
192 2187 416 2243 oppositus
446 2191 542 2231 ΘΗ
567 2189 723 2232 occidit
754 2190 890 2245 [prop.
916 2189 1007 2245 11];
1040 2205 1141 2247 ergo
1178 2205 1262 2246 quo
1288 2194 1393 2234 tem-

40 2262 143 2304 poro
168 2255 251 2294 ΕΖ
278 2252 426 2308 oritur,
455 2257 552 2296 ΘΗ
570 2255 726 2297 occidit
751 2258 794 2297 et
818 2255 1016 2297 vicissim.
1070 2255 1184 2310 quod
1209 2259 1301 2298 erat
1327 2256 1394 2299 de-

43 2317 395 2374 monstrandum]
