1494 2450
138 73 193 114 58
640 78 945 112 ΦΑΙΝΟΜΕΝΑ

768 268 811 294 ια

202 333 287 373 Τοῦ
314 339 401 374 τῶν
427 333 592 389 ζῳδίων
617 334 779 376 κύκλου
804 341 892 376 τῶν
917 334 1024 376 ἴσων
1047 351 1093 377 τε
1111 335 1183 378 καὶ
1169 255 1494 381 ἀπεναντίονλ

137 403 425 451 περιφερειῶν
463 396 510 438 ἐν
546 393 580 455 ᾧ
612 399 752 454 χρόνῳ
789 399 815 453 ἡ
852 398 974 453 ἑτέρα
1012 398 1248 455 ἀνατέλλει,
1285 401 1310 455 ἡ
1343 401 1491 461 ἑτέρα

138 460 275 513 δύνει,
301 460 372 501 καὶ
398 459 445 502 ἐν
471 455 502 518 ςῖ.
526 463 667 518 χρόνῳ
692 462 719 516 ἡ
745 460 866 516 ἑτέρα
885 463 1021 516 δύνει,
1046 465 1072 518 ἡ
1091 462 1213 519 ἑτέρα
1231 465 1490 510 ἀνατέλλει.

91 528 111 557 5
197 526 303 566 ἔστω
342 523 391 565 ἐν
427 526 572 582 κόσμῳ
610 525 763 579 ὁρίζων
800 526 822 568 6
855 529 997 581 ΑΒΓ,
1035 527 1057 570 ὁ
1097 526 1144 570 δε
1180 535 1268 571 τῶν
1299 530 1462 587 ζῳδίων

135 589 293 637 κύκλος
317 588 447 630 θέσιν
473 587 598 644 ἐχέτω
625 590 704 643 τὴν
730 593 924 644 ΑΕΓΔ,
956 590 1026 633 καὶ
1058 589 1166 634 ἔστω
1197 592 1281 635 ὑπὸ
1308 600 1390 649 γῆν
1413 595 1461 637 τὸ

136 655 273 694 ΑΔΓ
297 652 575 707 ἡμικύκλιον,
607 654 676 696 καὶ
708 653 1052 709 ἀπειλήφθωσαν
1084 660 1173 698 ἴσαι
1197 672 1243 698 τε
1266 658 1337 699 καὶ
1362 657 1461 701 ἀπε-

135 716 314 757 ναντίον
339 716 606 795 περιφέρειαι
633 718 676 759 αἱ
696 721 800 774 ΑΛ,
822 720 918 760 ΓΕ·
952 719 1075 773 λέγω,
1102 720 1181 772 ὅτι,
1206 719 1254 763 ἐν
1273 717 1305 778 ᾧ
1319 725 1460 800 χρόνω

136 779 160 833 ἡ
181 783 267 821 ΑΔ
291 779 544 860 περιφέρεια
570 780 806 836 ἀνατέλλει,
831 781 880 825 ἐν
904 784 1042 839 τούτῳ
1063 785 1088 838 ἡ
1110 787 1192 826 ΓΕ
1208 786 1459 842 περιφέρεια

69 848 109 878 10
136 842 272 897 δύνει,
297 844 368 886 καὶ
394 845 442 886 ἐν
466 840 500 902 ᾧ
519 848 659 902 χρόνω
687 846 711 900 ἡ
733 849 816 889 ΓΕ
838 846 1074 902 ἀνατελλει,
1101 847 1148 890 ἐν
1172 850 1310 907 τούτῳ
1330 851 1355 904 ἡ
1375 854 1460 893 ΑΔ

135 907 389 964 περιφέρεια
415 909 548 950 δύνει.

193 970 387 1014 ἔστωσαν
411 973 493 1028 γὰρ
519 974 786 1028 παράλληλοι
811 975 977 1029 κύκλοι,
1002 975 1101 1018 καθ’
1122 973 1185 1019 ὧν
1210 976 1385 1033 φέρεται
1408 980 1459 1021 τὰ

136 1039 186 1090 Ε,
212 1039 255 1077 Δ
279 1043 444 1091 σημεῖα,
472 1038 514 1079 οἱ
540 1041 580 1079 Ε
589 1040 668 1079 ΘΒ
678 1070 689 1091 ,
715 1041 853 1081 ΚΔΛ.
887 1038 957 1080 καὶ
985 1038 1073 1082 ἐπεὶ
1098 1041 1150 1083 τὰ
1175 1039 1244 1083 ἐπὶ
1269 1047 1348 1083 τοῦ
1372 1050 1460 1086 τῶν

135 1101 300 1157 ζῳδίων
334 1101 496 1143 κύκλου
528 1102 663 1158 ἄστρα
693 1103 800 1144 κατὰ
825 1103 1058 1158 διάμετρον
1082 1105 1186 1146 ὄντα
1209 1107 1314 1147 κατὰ
1338 1109 1459 1158 συζυ-

69 1169 110 1199 15
137 1165 237 1218 γίαν
271 1164 492 1207 ἀνατέλλει
523 1181 567 1208 τε
598 1167 669 1208 καὶ
700 1167 836 1221 δύνει,
871 1173 949 1209 τοῦ
974 1171 1010 1209 Ε
1040 1169 1122 1222 ἄρα
1152 1168 1459 1220 ἀνατέλλοντος

677 1350 853 1386 Recensio
878 1352 913 1387 b

190 1438 225 1473 p.
249 1426 316 1472 58,
332 1426 450 1475 5sqq.
490 1423 583 1464 ἔστω
619 1423 754 1476 ὁρίζων
787 1425 926 1473 κύκλος
962 1425 981 1465 ὁ
1009 1430 1170 1476 ΑΒΔΓ,
1204 1443 1269 1467 και
1299 1428 1457 1481 θερινὸς

132 1480 202 1531 μὲν
233 1482 412 1554 τροπικὸς
443 1482 537 1522 ἔστω
568 1481 588 1521 6
615 1485 704 1531 ΑΓ,
734 1484 944 1554 χειμερινὸς
975 1483 1016 1524 δὲ
1042 1483 1062 1524 ὃ
1086 1488 1175 1537 ΒΔ,
1207 1486 1391 1539 ζῳδιακὸς
1416 1485 1457 1526 δὲ

131 1540 225 1580 ἔστω
251 1539 271 1579 6
293 1543 369 1587 ΓΒ,
394 1539 459 1581 καὶ
484 1539 794 1591 ἀπειλήφθωσαν
818 1537 878 1582 ἐπ’
895 1542 1015 1583 αὐτοῦ
1042 1544 1120 1582 ἴσαι
1143 1543 1207 1584 καὶ
1226 1543 1456 1585 ἀπεναντίον

132 1597 370 1652 περιφέρειαι
394 1600 440 1638 αἶ
464 1602 555 1648 ΓΕ,
580 1602 673 1638 ΒΖ·
713 1599 820 1652 λέγω,
846 1600 915 1649 ὅτι,
941 1599 982 1640 ἐν
1009 1594 1037 1656 ᾧ
1064 1601 1187 1658 χρόνῳ
1213 1600 1237 1652 ἡ
1263 1606 1339 1642 ΓΕ
1362 1602 1455 1642 ἀνα-

87 1660 107 1689 5
133 1656 262 1705 τέλλει,
287 1654 312 1708 ἡ
339 1660 410 1696 ΒΖ
437 1658 553 1697 δύνει.

190 1715 359 1755 ἔστωσαν
395 1711 491 1755 καθ’
525 1711 580 1754 ὧν
617 1714 770 1767 φέρεται
807 1716 853 1755 τὰ
888 1720 941 1765 E
979 1721 1010 1756 Z
1047 1722 1186 1769 σημεῖα
1221 1719 1456 1771 παράλληλοι

133 1773 266 1814 κύκλοι
292 1774 332 1813 οἵ
354 1775 446 1825 ΝΘ,
473 1777 560 1814 ΚΛ.
591 1773 656 1814 καὶ
681 1773 759 1813 ἐπεὶ
783 1773 828 1813 τὰ
847 1774 909 1815 ἐπὶ
927 1781 995 1814 τοῦ
1015 1777 1204 1830 ζῳδιακοῦ
1223 1776 1342 1829 ἄστρα
1360 1776 1455 1816 κατὰ

133 1831 373 1884 διάμετρον’
361 1831 454 1871 όντα
478 1831 571 1871 κατὰ
597 1833 783 1884 συζυγίαν
807 1831 1000 1874 ἀνατέλλει
1023 1848 1060 1874 τε
1084 1833 1148 1873 καὶ
1174 1835 1294 1884 δύνει,
1324 1842 1393 1875 τοῦ
1418 1839 1455 1875 Ε

132 1888 205 1941 ἄρα
239 1889 510 1938 ἀνατέλλοντος
534 1890 575 1930 τὸ
601 1893 633 1930 Ζ
665 1891 795 1930 δύνει·
839 1890 880 1930 ἕν
907 1891 935 1946 ᾧ
961 1908 1036 1943 αρα
1061 1892 1185 1947 χρόνῳ
1211 1893 1253 1932 τὸ
1279 1897 1315 1932 Ε
1339 1892 1453 1965 ἀρξά-

67 1950 108 1981 10
133 1963 251 1999 μενον
284 1947 360 1988 ἀπὸ
395 1955 463 1988 τοῦ
499 1952 535 1987 Ε
568 1948 639 1999 τὴν
670 1950 751 1987 ΕΘ
786 1949 1032 2002 περιφέρειαν
1066 1950 1223 1990 διελθὸν
1257 1950 1318 1990 ἐπὶ
1350 1951 1392 1991 τὸ
1422 1953 1455 1991 Θ

189 2077 223 2102 8.
251 2071 281 2102 1.
308 2065 377 2112 ια’]
404 2067 456 2113 ιβ’
483 2066 526 2102 v'.
594 2071 625 2102 2.
652 2066 884 2104 ἀπεναντίων
907 2068 950 2103 V.
1017 2072 1048 2103 3.
1073 2071 1327 2115 περιφερειῶν]
1351 2082 1453 2114 περι-

130 2123 311 2195 &El-86⁷?
322 2113 450 2203 ΕΞΘᾪ,
475 2114 648 2205 ΚΣΛΓΟΒΙ
659 2108 786 2203 ἑνΗαΒ,
786 2110 1036 2197 κῖίῖξῳὲίίνῩῷ
1055 2115 1268 2207 δέῙὲδξῗρα]
1287 2118 1452 2198 1232an

129 2206 199 2251 γάρ
224 2206 266 2240 V.

190 2301 223 2335 b.
261 2303 290 2334 7.
317 2299 404 2334 Post
427 2302 608 2347 ζῳδιακοῦ
632 2300 718 2337 add.
743 2301 877 2337 κύκλου
902 2313 949 2336 m.
975 2306 994 2336 2
1021 2301 1104 2336 Vnt.
