1494 2450
639 77 789 115 Scholia.
1302 74 1385 117 291

98 194 308 248 δοθείσης
332 194 524 247 πλευρᾶς
544 189 692 248 εὑρεῖν
711 189 760 232 τὸ
781 190 955 243 πλῆθος
974 193 1063 229 τῶν
1082 185 1289 241 μονάδων
1307 190 1388 226 τοῦ

42 266 246 321 ἐμβαδοῦ.
297 266 406 307 ἔστω
438 263 464 318 ἡ
496 262 666 318 πλευρὰ
697 262 933 316 μοιρῶνζ·
975 258 1136 312 ταύτης
1170 256 1219 298 τὸ
1253 256 1389 310 ἥμισυ

39 337 260 393 γίνεται
234 353 260 392 γ
285 336 432 391 ἥμισυ.
464 335 660 391 πρόσθες
684 333 883 375 καθόλου
909 331 957 372 τὸ
977 330 1128 384 ἥμισυ·
1163 328 1330 382 γίνεται
1350 317 1387 369 δ.

38 409 234 464 τετράκις
259 408 308 450 τὸ
335 410 356 459 ζ
379 408 547 462 γίνεται
573 407 644 461 κ-η.
677 405 811 447 πάλιν
838 401 948 445 ἔστω
974 402 1001 457 ἡ
1027 400 1195 454 πλευρὰ
1221 404 1390 454 μοιρῶν

39 495 85 537 η·
112 477 176 524 ὧν
200 480 248 522 τὸ
268 480 403 535 ἥμισυ
430 468 473 520 δ.
517 479 712 534 πρόσθες
737 477 890 531 ἥμισυ·
930 474 1098 529 γίνεται
1125 472 1150 513 δ
1160 483 1199 516 ι.
1244 469 1315 513 ἐπὶ
1339 471 1389 513 τὸ

38 554 67 608 η’
92 551 263 607 γε’νεται
290 555 359 599 λς.
393 551 555 606 ὁμοίως
581 548 651 592 ἐπὶ
675 548 867 591 πάντων.

97 617 289 672 μέθοδος
314 618 422 671 άλλη
448 612 761 672 χρησιμωτέρα.
1136 640 1140 644 -

97 689 181 734 πᾶς
212 682 404 738 ἀριθμὸς
435 679 681 736 διαιρεθεὶς
713 681 775 730 εἰς
801 679 883 722 δύο
911 675 1147 734 ἀριθμούς,
1181 674 1291 717 ὥστε
1316 691 1390 731 μο-

37 749 141 792 νάδι
167 748 370 804 ἀλλήλων
395 745 627 803 διαφέρειν
651 747 704 788 τὰ
726 746 938 801 τμήματα,
969 742 1046 785 ἐὰν
1065 742 1390 784 πολλαπλασια-

39 819 129 871 σθῇ
161 811 230 870 ἐφ’
256 814 517 867 ὁποιονοῦν,
550 811 573 855 ὁ
608 811 709 862 ὅλος
740 809 1003 868 τριγωνικὸς
1035 804 1178 849 ἔσται·
1221 809 1391 865 πλευρὰ

39 880 88 923 δὲ
113 881 233 922 ἔσται
258 885 338 922 τοῦ
362 875 444 934 μὲν
462 880 661 934 μείζονος
680 877 902 934 τριγώνου
923 875 946 918 6
967 873 1011 925 ἐξ
1032 873 1165 929 ἀρχῆς
1185 877 1390 933 ἀριθμός,

38 958 118 994 τοῦ
151 949 199 994 δε
231 950 462 1001 ἐλάττονος
492 948 515 993 6
548 950 710 1005 μονάδι
742 948 942 992 ἐλάσσων
974 946 1132 990 αὐτοῦ·
1177 946 1275 995 οἷον
1307 945 1330 988 6
1356 951 1391 988 θ

39 1023 275 1079 διαιρεῖται
306 1023 367 1073 εἰς
394 1024 420 1064 δ
444 1022 565 1065 καὶ
543 1035 580 1062 ε·
623 1023 792 1076 γίνεται
823 1017 906 1064 οὖν
931 1023 1088 1077 affl*
1028 1037 1098 1077 με·
1141 1023 1309 1081 πλευρὰ
1342 1018 1390 1062 δε

37 1101 116 1137 τοῦ
143 1094 223 1149 μὲν
249 1093 326 1137 ὁ
297 1112 344 1150 η,
370 1101 448 1137 τοῦ
475 1093 566 1136 δὲ
548 1110 571 1136 0
597 1097 642 1136 θ.
686 1094 820 1136 πάλιν
847 1093 870 1136 6
897 1096 943 1149 ιβ
969 1097 1079 1146 εἰς’
1057 1112 1078 1138 ε
1104 1097 1239 1152 ἥμισυ
1265 1094 1388 1138 καὶ
1365 1108 1390 1140 ς

37 1166 190 1221 ἥμισυ·
224 1167 392 1221 γίνεται
418 1166 570 1221 ξς,-
513 1179 583 1220 οη
615 1166 784 1222 πλευρὰ
811 1165 860 1208 δὲ
885 1173 963 1209 τοῦ
990 1168 1072 1222 μὲν
1098 1168 1195 1211 6—
1150 1184 1207 1235 ια,
1234 1174 1314 1211 τοῦ
1341 1165 1390 1210 δε

40 1253 63 1279 0
89 1227 160 1292 ι-β.

97 1355 315 1399 Scholium
353 1357 509 1400 codicis
535 1356 735 1399 Vaticani
773 1355 841 1400 Gr.
863 1357 950 1399 204
983 1357 1057 1400 fol.
1082 1358 1185 1401 134*
1220 1359 1274 1401 ad
1304 1358 1388 1401 Eu—

38 1422 159 1464 clidis
188 1421 433 1478 Cassopssriea
459 1437 579 1478 prop.
600 1421 632 1464 I.

97 1491 249 1544 Δῆλον
284 1491 415 1531 τοῦτό
453 1487 545 1531 ἐστι
582 1489 769 1543 μάλιστα
806 1488 890 1532 ἀπὸ
929 1498 1016 1532 τῶν
1049 1489 1243 1544 ἡλιακῶν
1276 1490 1390 1533 ἀκτί-

37 1569 140 1596 νων.
173 1552 250 1597 ἐὰν
275 1555 357 1611 γὰρ
384 1554 433 1598 ἐν
459 1558 656 1611 σταθερᾷ
680 1557 928 1612 μεσημβρίᾳ
953 1562 1033 1599 τοῦ
1059 1556 1189 1611 ἡλίου
1215 1559 1388 1612 φλογῶ-

39 1619 111 1669 δες
142 1618 439 1675 ἐλλάμποντος
469 1619 591 1675 ὕδωρ
625 1635 691 1670 τις
715 1618 765 1663 ἐν
790 1622 1034 1679 πινακίσκῳ
1060 1621 1211 1676 βαλὼν
1235 1619 1388 1676 ἔγγιον

38 1685 145 1727 αὐτὸ
181 1690 243 1741 θῇ
278 1687 428 1741 τοίχου
463 1687 597 1739 τινός,
633 1683 728 1728 κατ’
761 1686 902 1729 ἐκεῖνο
936 1688 1143 1741 δηλονότι
1168 1688 1217 1729 τὸ
1243 1686 1388 1742 μέρος,

38 1747 86 1792 ἐν
117 1746 152 1807 ᾧ
184 1749 206 1792 6
237 1751 361 1805 ἥλιος
391 1751 468 1801 τὰς
499 1750 679 1802 ἀκτῖνας
711 1751 910 1807 ἀφίησιν,
947 1752 1102 1794 αὐτίκα
1127 1753 1387 1807 γενήσονται

37 1817 204 1869 παλμοί
219 1831 336 1866 τινες
355 1814 425 1859 ἐπὶ
444 1817 524 1859 τὸν
542 1824 693 1872 τοῖχον
713 1816 796 1859 ἀπὸ
817 1823 896 1860 τοῦ
915 1817 1092 1872 ὕδατος,
1118 1818 1176 1868 ὡς
1195 1817 1387 1873 ὁρᾶσθαι

37 1881 113 1931 τὰς
145 1880 323 1932 ἀκτῖνας
357 1881 631 1938 παλλομένας
661 1889 742 1925 τοῦ
773 1883 901 1937 ἡλίου
934 1882 1005 1926 ἐπὶ
1037 1884 1115 1926 τὸν
1140 1890 1290 1939 τοῖχον
1315 1882 1387 1926 καὶ

38 1940 136 1988 οἷον
155 1946 499 2002 υποτρεμούσας,
522 1947 627 2003 ὅπερ
648 1947 770 1990 ἐστὶν
789 1949 814 2003 ἡ
829 1947 1041 2004 λεγομένη
1057 1948 1387 1999 ἆντανάκλασις.

37 2012 107 2053 καὶ
135 2011 224 2066 εἴγε
248 2016 305 2066 ἡν
330 2014 705 2069 αἰσθητικώτερον
738 2014 852 2056 ἰδειν
879 2015 959 2069 τὴν
984 2013 1154 2069 ἀκτῖνα,
1184 2013 1384 2067 καθάπερ

39 2075 172 2127 ξύλον
204 2076 230 2132 ἢ
264 2078 399 2121 λίθον
423 2077 450 2133 ἢ
476 2079 583 2121 άλλο
609 2094 651 2121 τι
678 2087 800 2134 σῶμα
826 2085 1051 2135 τοιοῦτον,
1087 2076 1201 2130 εἶδες
1226 2078 1282 2122 ἂν
1306 2080 1387 2135 τὴν

39 2141 122 2184 ἀπὸ
147 2143 307 2198 ταύτης
332 2143 402 2186 ἐπὶ
424 2144 504 2198 τὴν
531 2143 844 2200 ἀνακλωμένην
871 2144 1055 2187 εὐθεῖαν
1082 2144 1387 2200 ἐπίζευγνυμέ-

36 2223 121 2262 νην
158 2209 361 2264 γραμμὴν
398 2209 507 2265 πρὸς
545 2213 642 2259 ἴσας
678 2211 841 2263 γωνίας
878 2206 1019 2252 οὖσαν
1057 2209 1280 2266 ἑκατέραις
1315 2211 1387 2253 καὶ

39 2272 243 2328 διάνδιχα
276 2274 435 2324 ταύτας
466 2275 741 2329 μερίζουσαν.
790 2274 884 2318 ἐπεὶ
918 2278 1088 2330 τοίνυν,
1125 2275 1231 2331 ὅπερ
1266 2274 1387 2318 ἐστὶν

97 2369 153 2401 26.
180 2367 477 2415 ὑποτρεμούσας]
503 2382 561 2415 -μ-
588 2369 797 2414 obscurum,
823 2369 983 2404 fortasse
1008 2384 1039 2417 χ.

1105 2429 1172 2450 io*

1418 817 1462 848 10

1417 1178 1460 1211 15

1414 1568 1459 1599 20

1414 1898 1458 1930 25

1413 2225 1458 2256 30
