1494 2450
125 39 179 80 26
629 45 929 79 ΦΑΙΝΟΜΕΝΑ

181 145 288 188 ἔστω
319 146 366 188 ἐν
390 149 535 205 κόσμῳ
561 148 714 203 ὁρίζων
740 149 762 191 6
791 154 830 191 A
837 153 925 192 ΒΓ
947 150 1019 193 καὶ
1043 151 1242 206 μέγιστος
1265 160 1352 196 τῶν
1377 153 1442 197 ἀεὶ

122 219 327 265 φανερῶν
358 211 380 253 ὁ
413 215 561 266 ΑΔΕ,
598 212 743 269 ἔτερος
777 212 825 256 δὲ
859 214 1059 269 μέγιστος
1090 218 1248 267 κύκλος
1281 216 1388 260 ἔστω
1421 218 1443 261 6

123 277 259 329 ΓΖΒ,
284 277 388 330 μήτε
413 275 580 329 τέμνων
604 278 682 320 τὸν
701 281 833 320 ΑΔΕ
849 279 1010 322 κύκλον
1027 282 1131 335 μήτε
1152 279 1444 336 ἐφαπτόμενος

120 339 275 392 αὐτοῦ,
305 339 377 381 καὶ
408 342 607 395 εἰλήφθω
633 339 702 384 ἐπὶ
727 349 801 396 τῆς
825 344 1099 398 περιφερείας
1123 351 1201 386 τοῦ
1228 347 1347 387 ΓΖΒ
1369 347 1443 388 κύ-

75 413 96 444 5
121 406 228 445 κλου
255 404 336 445 δύο
362 405 547 459 τυχόντα
572 412 725 459 σημεῖα
749 407 801 448 τὰ
823 409 870 461 Ζ,
889 410 951 448 Η·
985 407 1108 462 λέγω,
1133 409 1200 451 ὅτι
1224 417 1311 451 τῶν
1332 413 1380 464 Ζ,
1401 413 1448 452 H

119 469 307 520 σημείων
337 468 384 510 τὸ
416 470 630 524 πρότερον
654 469 890 513 ἀνατέλλον
915 473 1127 527 πρότερον
1151 473 1274 515 δύνει
1298 472 1368 515 καὶ
1393 476 1441 517 τὸ

117 533 330 586 πρότερον
355 533 493 574 δῦνον
518 535 732 589 πρότερον
757 534 989 577 ἀνατέλλει.

175 597 283 638 ἔστω
316 596 548 639 ἀνατολικὰ
572 595 651 652 μὲν
676 599 728 640 τὰ
754 601 796 640 Γ
811 598 932 655 μέρη,
964 601 1117 642 ὃυτικὰ
1142 599 1190 643 δὲ
1214 602 1265 643 τὰ
1290 605 1340 656 Β,
1371 602 1442 645 καὶ

118 661 313 702 ἔστωσαν
336 662 604 715 παράλληλοι
628 663 794 717 κύκλοι,
826 662 927 706 καθ’
957 660 1020 706 ὧν
1044 664 1219 720 φέρεται
1245 667 1296 708 τὰ
1324 669 1371 720 Ζ,
1398 669 1448 709 Η

49 735 91 766 10
116 731 284 778 σημεῖα,
311 726 352 766 οἱ
381 727 486 779 ΘΚ,
507 729 624 780 ΛΜ,
649 726 720 768 καὶ
740 728 813 769 διὰ
831 733 908 770 τοῦ
932 730 966 768 Ζ
986 728 1223 783 γεγράφθω
1242 729 1441 783 μέγιστος

114 788 272 837 κύκλος
306 788 328 830 6
361 792 411 830 Ν
416 792 499 830 ΖΕ
529 788 824 845 ἐφαπτόμενος
857 797 935 833 τοῦ
962 795 1085 833 ΑΔΕ
1114 793 1295 848 κύκλου,
1333 795 1440 837 ὥστε

114 851 399 905 ἀσύμπτωτον
429 851 540 895 εἶναι
571 854 619 896 τὸ
651 854 734 896 ἀπὸ
765 861 844 897 τοῦ
866 859 907 898 Ε
935 855 1190 910 ἡμικύκλιον
1215 858 1271 907 ὡς
1297 857 1364 900 ἐπὶ
1389 859 1440 900 τὰ

113 919 164 969 Ε,
187 919 235 970 Ζ,
258 920 306 959 N
323 916 430 973 μέρη
455 924 512 975 τῷ
539 918 623 960 ἀπὸ
648 925 726 960 τοῦ
752 922 794 960 Α
820 919 1056 977 ἡμικυκλίῳ
1082 921 1140 970 ὡς
1165 919 1233 964 ἐπὶ
1259 923 1310 964 τὰ
1328 926 1383 976 Α,
1405 924 1446 964 Γ

113 979 230 1035 μέρη.
277 981 403 1036 ὁμοία
428 982 511 1036 ἄρα
538 981 657 1024 ἐστὶν
681 983 706 1037 ἡ
734 985 819 1025 ΚΖ
843 983 1096 1039 περιφέρεια
1120 991 1171 1040 τῇ
1195 989 1304 1028 ΜΝ
1321 1001 1438 1041 περι-

45 1058 87 1089 15
114 1046 280 1101 φερείᾳ·
315 1047 441 1100 λοιπὴ
468 1047 551 1102 ἄρα
575 1047 601 1101 ἡ
624 1050 705 1089 ΖΘ
723 1047 976 1103 περιφέρεια
994 1047 1066 1091 καὶ
1083 1049 1109 1103 ἡ
1130 1051 1312 1104 συνεχὴς
1330 1050 1437 1106 αὐτῇ

112 1108 197 1150 ὑπὸ
223 1116 306 1164 γῆν
331 1110 356 1164 ἡ
382 1109 506 1165 μέχρι
531 1116 609 1152 τοῦ
629 1113 674 1152 Κ
691 1113 870 1166 σημείου
890 1112 1017 1165 ὁμοία
1036 1111 1125 1154 ἐστὶ
1145 1119 1195 1168 τῇ
1217 1116 1302 1155 ΝΛ
1319 1129 1438 1168 περι-

112 1175 264 1230 φερείᾳ
295 1174 367 1216 καὶ
399 1180 449 1229 τῇ
484 1182 655 1229 συνεχεῖ
686 1175 793 1231 αὐτῇ
819 1175 904 1218 ὑπὸ
930 1183 1013 1231 γῆν
1036 1175 1159 1231 μέχρι
1184 1183 1262 1218 τοῦ
1288 1181 1343 1219 Μ
1364 1189 1436 1232 ση-

110 1239 246 1290 μείου.
285 1237 333 1280 ἐν
358 1238 438 1294 ἴσῳ
463 1240 547 1293 ἄρα
572 1241 714 1296 χρόνῳ
739 1241 790 1281 τὰ
818 1243 865 1294 Ζ,
892 1243 942 1282 Ν
962 1248 1113 1295 σημεῖα
1137 1241 1211 1291 τὰς
1238 1244 1332 1296 ΖΘ,
1353 1244 1438 1283 ΝΛ

111 1300 182 1343 καὶ
215 1303 288 1352 τὰς
320 1311 513 1357 συνεχεῖς
538 1303 689 1353 αὐταῖς
713 1302 837 1358 μέχρι
862 1311 950 1346 τῶν
975 1306 1028 1358 Κ,
1055 1308 1110 1346 M
1131 1307 1319 1359 σημείων
1345 1306 1436 1348 δια-

45 1379 88 1411 20
114 1367 354 1420 πορεύεται.
397 1367 450 1408 τὰ
478 1369 525 1420 Ζ,
555 1370 602 1408 Ν
627 1367 710 1422 ἄρα
742 1375 896 1421 σημεῖα
926 1368 1012 1421 ἅμα
1043 1368 1281 1411 ἀνατέλλει·
1312 1370 1360 1411 τὸ
1386 1367 1435 1411 δὲ

114 1432 164 1471 Η
188 1435 265 1471 τοῦ
298 1432 349 1472 Ν
375 1432 589 1485 πρότερον
623 1429 866 1473 ἀνατέλλει·
909 1430 979 1474 καὶ
1013 1433 1062 1475 τὸ
1094 1435 1145 1474 Η
1172 1434 1255 1488 ἄρα
1288 1439 1366 1475 τοῦ
1399 1436 1434 1474 Ζ

109 1495 321 1549 πρότερον
344 1493 579 1536 ἀνατέλλει.

168 1557 292 1612 λέγω,
319 1559 385 1601 ὅτι
409 1557 481 1600 καὶ
505 1560 717 1614 πρότερον
743 1560 877 1602 δύνει.

167 1622 405 1677 γεγράφθω
427 1623 499 1664 διὰ
517 1629 595 1665 τοῦ
619 1626 654 1664 Ζ
673 1625 853 1677 σημείου
871 1623 1071 1678 μέγιστος
1089 1625 1246 1675 κύκλος
1265 1625 1287 1667 6
1309 1625 1433 1673 ΞΖΔ

39 1700 81 1730 25
109 1685 403 1740 ἐφαπτόμενος
427 1692 506 1728 τοῦ
530 1690 652 1728 ΑΔΕ
674 1687 851 1741 κύκλου,
877 1688 985 1729 ὥστε
1011 1687 1294 1742 ἀσύμπτωτον
1321 1686 1432 1731 εἶναι
1486 1699 1489 1702 “

107 1751 154 1792 τὸ
187 1749 270 1792 ἀπὸ
301 1757 380 1792 τοῦ
406 1754 448 1792 Δ
479 1750 737 1805 ἡμικύκλιον
768 1752 825 1801 ὡς
851 1750 919 1794 ἐπὶ
944 1753 995 1794 τὰ
1021 1756 1076 1806 Δ,
1104 1755 1152 1806 Ζ,
1178 1752 1218 1800 Ξ
1237 1752 1343 1808 μέρη
1369 1757 1431 1810 τῷ

107 1813 191 1857 ἀπὸ
217 1820 295 1856 τοῦ
321 1818 363 1856 Α
387 1815 625 1872 ἡμικυκλίῳ
652 1815 708 1864 ὡς
733 1813 802 1857 ἐπὶ
827 1816 878 1858 τὰ
904 1819 958 1870 Α,
981 1818 1018 1858 Θ
1040 1815 1163 1871 μέρη·
1196 1816 1323 1871 ὁμοία
1348 1817 1430 1872 ἄρα

107 1877 226 1920 ἐστὶν
250 1879 275 1932 ἡ
305 1881 387 1920 ΖΘ
416 1878 668 1934 περιφέρεια
693 1885 744 1934 τῇ
770 1879 847 1927 ΞΛ
871 1882 1138 1936 περιφερείᾳ·
1170 1879 1218 1922 ἐν
1243 1880 1321 1937 ἴσῳ
1347 1881 1430 1936 ἄρα

164 2061 196 2092 2.
222 2057 261 2091 In
285 2059 354 2091 ΑΔ
363 2059 394 2092 Ε
419 2056 555 2091 desinit
579 2069 609 2091 v.
716 2061 746 2092 8.
773 2057 859 2102 μήτε
885 2059 978 2103 (pr.)]
1004 2057 1054 2102 μή
1078 2058 1157 2093 Vat.
1254 2062 1285 2093 6.
1313 2059 1428 2104 Super

104 2103 208 2138 δύνει
232 2105 269 2138 ot
292 2103 316 2138 l.
339 2108 356 2137 7
384 2114 493 2147 super
517 2103 702 2139 ἀνατέλλει
727 2104 810 2139 add.
837 2102 899 2139 καί
923 2115 969 2139 m.
997 2108 1017 2138 2
1043 2104 1121 2139 Vat.
1200 2109 1252 2140 13.
1281 2107 1329 2151 Ε]
1356 2115 1424 2141 om.

105 2151 187 2185 Vat.
261 2149 311 2196 Γ]
337 2153 371 2184 Κ
394 2151 476 2185 Vat.
575 2154 628 2185 17.
654 2151 746 2196 αὐτῇ
771 2156 814 2196 τῇ
839 2151 922 2186 Vat.
1017 2155 1071 2186 21.
1098 2149 1162 2186 καί
1185 2172 1230 2177 -·
1255 2155 1311 2186 22.
1336 2152 1426 2187 ἀνα-

103 2196 225 2241 τέλλει]
253 2207 364 2240 supra
388 2208 434 2230 m.
462 2200 481 2230 2
507 2197 548 2231 V.
670 2201 723 2231 ⁵26.
751 2201 784 2231 A
809 2197 952 2243 <prius)]
977 2209 1065 2232 corr.
1093 2209 1135 2231 ex
1160 2201 1190 2232 A
1217 2210 1263 2233 m.
1290 2201 1310 2231 2
1336 2198 1378 2232 V.

104 2247 159 2278 28.
195 2243 279 2288 ΖΘ]
305 2244 392 2278 anto
418 2243 442 2277 Z
465 2247 481 2277 1
508 2243 578 2278 litt.
605 2243 688 2286 doh,
717 2245 748 2278 Θ
773 2243 855 2278 add.
882 2255 929 2278 m.
955 2248 975 2278 2
1001 2244 1041 2279 V.
1173 2245 1252 2290 ΞΛ]
1278 2249 1309 2279 Λ
1335 2256 1424 2279 corr,

105 2290 391 2324 exAm.lV.
