1494 2450
60 1215 104 1245 10

60 1534 103 1565 16

59 1991 103 2023 20

130 63 216 105 262
646 65 945 101 FRAGMENTA

129 170 214 211 ὑπὸ
232 173 368 224 ΕΔΖ,
394 170 531 220 οὕτως
555 170 674 214 ἐστὶν
697 173 746 215 τὸ
768 175 893 215 ΑΒΓ
909 175 1124 228 τρίγωνον
1141 176 1250 230 πρὸς
1268 177 1315 218 τὸ
1335 179 1418 219 ΔΕ
1435 167 1437 170 ⁴
1492 182 1494 215 ἒ

129 236 354 289 τρίγωνον.
1492 266 1494 294 ;

187 297 263 339 κα’.
295 297 521 342 ’Έστωσαν
558 301 610 354 δὴ
644 301 687 342 αἱ
713 304 774 354 A,
800 305 843 343 A
880 302 1010 344 δυσὶν
1041 302 1198 355 ὀρθαῖς
1229 307 1342 345 ἴσαι·
1390 305 1412 347 ὅ
1491 315 1494 358 f

129 361 260 403 πάλιν
285 364 463 418 γίνεται,
490 364 546 414 ὡς
571 365 618 406 τὸ
643 363 728 406 ὑπὸ
755 366 884 407 ΒΑΓ
902 367 1011 420 πρὸς
1035 367 1083 408 τὸ
1107 366 1192 409 ὑπὸ
1218 370 1358 422 ΕΔΖ,
1383 367 1434 410 οῧ
1450 411 1459 424 Δ,
1490 367 1494 411 ἰ

129 441 211 475 τως
235 425 283 467 τὸ
308 430 447 469 ΑΒΓ
465 429 681 483 τρίγωνον
703 429 810 484 πρὸς
834 428 882 471 τὸ
909 433 1040 471 ΔΕΖ
1063 433 1289 485 τρίγωνον.
1491 447 1494 488 j

188 488 469 545 ἐκβεβλήσθω
507 492 532 546 ἡ
565 495 661 545 BA,
697 492 769 534 καὶ
800 496 964 536 κείσθω
995 501 1046 550 τῇ
1079 498 1160 536 ΒΑ
1191 499 1262 549 ἴση
1293 495 1319 549 ἡ
1345 497 1455 538 ΛΗλ

128 552 200 594 καὶ
226 554 467 609 ἐπεζεύχθω
493 557 518 610 ἡ
546 559 644 602 ΓΗ.

341 975 370 1006 Β
669 974 697 1008 1'
890 975 923 1008 E
1216 974 1244 1007 Z

188 1078 279 1120 ἐπεὶ
310 1075 392 1120 οὗν
422 1080 471 1120 αἱ
498 1082 558 1133 Α,
584 1082 627 1120 Λ
664 1083 817 1133 γωνίαι
855 1081 986 1123 δυσὶν
1023 1081 1180 1135 ὀρθαῖς
1210 1080 1300 1122 ἴσαι
1331 1082 1455 1137 εἰσίν,
1480 1120 1487 1134 <

130 1142 239 1184 ἀλλὰ
263 1142 334 1184 καὶ
360 1144 404 1184 αἱ
430 1143 514 1185 ὑπὸ
540 1146 678 1195 ΒΑΓ,
706 1146 838 1186 ΓΑΗ
857 1145 1012 1198 γωνίαι
1038 1146 1166 1186 δυσὶν
1191 1144 1359 1200 ὀρθαῖς,
1385 1150 1455 1200 ἴση

130 1207 212 1259 ἄρα
243 1206 362 1249 ἐστὶν
391 1206 418 1260 ἡ
443 1205 527 1248 ὑπὸ
555 1209 596 1248 Γ
591 1211 634 1249 Α
642 1210 693 1249 Η
711 1210 848 1261 γωνία
872 1215 923 1263 τῇ
949 1213 1002 1250 Δ.
1051 1211 1170 1251 ἔστιν
1194 1206 1295 1263 οὖν,
1327 1210 1385 1259 ὡς
1408 1209 1456 1252 τὸ
1480 1206 1488 1258 J

128 1271 213 1312 ὑπὸ
241 1273 374 1312 ΗΑΓ
391 1270 498 1327 πρὸς
522 1270 571 1313 τὸ
597 1271 681 1313 ὑπὸ
701 1275 836 1326 ΕΔΖ,
864 1273 1002 1322 οὕτως
1025 1273 1073 1315 τὸ
1093 1275 1226 1315 ΑΗΓ
1243 1275 1457 1327 τρίγωνον
1476 1287 1483 1322 j

127 1334 236 1388 πρὸς
271 1334 318 1376 τὸ
343 1338 477 1377 ΔΕΖ
507 1336 731 1389 τρίγωνον.
784 1340 853 1390 ἴση
889 1335 940 1378 δέ
971 1337 1089 1378 ἐστιν
1122 1338 1148 1391 ἡ
1178 1338 1258 1390 μὲν
1289 1340 1378 1379 HA
1406 1343 1456 1393 τῇ

129 1401 236 1453 ΑΒ,
266 1400 314 1441 τὸ
347 1397 394 1440 δὲ
426 1401 564 1441 ΗΑΓ
586 1401 803 1454 τρίγωνον
833 1405 891 1457 τῷ
913 1403 1049 1442 ΑΒΓ
1072 1402 1292 1457 τριγώνῳ·
1341 1404 1458 1444 ἔστιν

129 1463 224 1517 ἄρα,
251 1463 308 1512 ὡς
332 1462 379 1504 τὸ
404 1461 489 1504 ὑπὸ
509 1465 633 1504 ΒΑΓ
653 1463 759 1517 πρὸς
778 1463 825 1506 τὸ
850 1463 934 1506 ὑπὸ
954 1467 1086 1516 ΕΔΖ,
1112 1465 1248 1515 οὕτως
1272 1465 1319 1508 τὸ
1340 1466 1482 1508 ABP‘

129 1529 346 1580 τρίγωνον
369 1526 478 1582 πρὸς
502 1526 550 1568 τὸ
574 1530 665 1569 ΔΕ
674 1530 708 1568 Ζ
732 1530 960 1582 τρίγωνον.
1482 1584 1483 1587 ¹

187 1589 263 1645 κβ’.
292 1591 457 1633 Εὐθεῖα
481 1591 507 1645 ἡ
528 1594 621 1645 AB,
647 1590 717 1633 καὶ
743 1589 804 1633 ἐπ’
831 1593 965 1646 αὐτῆς
990 1593 1070 1634 δύο
1096 1599 1248 1647 σημεῖα
1267 1593 1319 1635 τὰ
1339 1595 1384 1648 F,
1405 1597 1490 1649 Ast?

130 1657 238 1697 ἔστω
265 1652 312 1697 δὲ
336 1655 384 1697 τὸ
410 1654 477 1705 δὶς
501 1655 586 1697 ὑπὸ
611 1658 653 1697 Α
660 1658 716 1709 Β,
744 1658 823 1698 ΓΔ
850 1661 947 1698 ἴσον
971 1662 1030 1712 τῷ
1057 1656 1141 1699 ἀπὸ
1168 1659 1264 1699 ΓΒ·
1297 1657 1362 1699 ὅτι
1386 1651 1489 1739 nal}

129 1719 177 1761 τὸ
209 1718 294 1761 ἀπὸ
320 1722 406 1761 ΑΔ
443 1719 540 1761 ἴσον
571 1718 690 1762 ἐστὶν
720 1728 811 1769 τοῖς
841 1719 925 1762 ἀπὸ
961 1728 1045 1762 τῶν
1070 1723 1169 1775 ΑΓ,
1194 1724 1280 1762 ΑΒ
1311 1737 1456 1777 τετρα-

129 1798 298 1835 γωνοις.

1470 1725 1490 1763 ,ja

1468 1761 1489 1779 δι’

1477 1786 1494 1800 J

514 1839 774 1910 ἑθέν)
1045 1841 1073 1911 1¹2

188 1979 279 2022 ἐπεὶ
310 1981 392 2036 γὰρ
423 1982 471 2023 τὸ
498 1979 566 2031 δὶς
589 1981 674 2024 ὑπὸ
701 1985 795 2036 AB,
822 1984 903 2024 ΓΔ
936 1986 1034 2024 ἴσον
1059 1981 1147 2024 ἐστὶ
1171 1986 1231 2039 τῷ
1256 1982 1338 2024 ἀπὸ
1366 1984 1475 2036 ΓΒ,

129 2046 280 2087 κοινὸν
305 2044 549 2101 ἀφῃρήσθω
574 2046 623 2088 τὸ
649 2046 716 2095 δὶς
739 2046 825 2088 ὑπὸ
851 2048 999 2088 ΒΔΓ·
1031 2047 1185 2088 λοιπὸν
1209 2048 1292 2101 ἄρα
1315 2045 1364 2088 τὸ
1391 2046 1458 2096 δὶς
1478 2055 1484 2068 ³

129 2107 213 2150 ὑπὸ
239 2111 374 2151 ΑΔΓ
399 2113 498 2151 ἴσον
528 2108 647 2151 ἐστὶν
676 2116 767 2159 τοῖς
792 2109 874 2151 ἀπὸ
899 2117 987 2152 τῶν
1014 2112 1110 2164 ΓΛ,
1136 2114 1179 2152 Δ
1187 2113 1222 2151 Β
1247 2110 1486 2170 τειτραγιίνξ7

129 2188 234 2221 νοις.
281 2172 432 2215 κοινὸν
462 2173 705 2228 ἀφῃρήσθω
737 2171 785 2214 τὸ
819 2173 902 2215 ἀπὸ
931 2175 1010 2216 ΓΔ
1034 2174 1328 2228 τετράγωνον·
1368 2177 1482 2215 stoa-⁷

188 2291 219 2322 9.
247 2286 392 2334 ὀρθαῖς]
419 2288 553 2332 ὀρθαῖς
577 2287 651 2323 ἴσαι
677 2288 884 2332 suspicatur
909 2287 1074 2323 Hultsch.
