1494 2450
550 93 795 129 APPENDIX
1102 90 1107 95 ’
1266 90 1348 132 125

0 227 2 250 i
33 208 202 251 uoniam
227 207 270 248 in
296 204 477 260 sphaera
504 203 689 246 circulus
715 203 928 245 maximus
955 203 1085 244 ΑΒΓ
1106 202 1172 243 est
1196 203 1239 242 et
1265 200 1349 242 duo

87 272 148 315 uli
172 271 350 315 maximi
375 273 506 320 ςΝΣ,
531 271 701 312 ΡΟΤΠ
726 271 842 310 inizer
871 282 917 310 se
949 269 1095 309 seoanss
1126 269 1169 309 et
1201 265 1348 307 circuli

46 340 128 382 ΒΓ
144 337 268 394 polus
294 337 406 378 inter
431 349 554 378 arcus
581 337 720 389 AAE,
741 336 826 375 KA
851 336 926 388 est,
953 347 1075 375 arcus
1095 334 1188 374 ΣΝ
1190 335 1228 373 Y
1249 345 1349 373 areu

0 476 2 478 ’
46 471 143 513 ΝΣ
175 469 314 511 minor
352 470 426 509 est.
477 469 520 508 et
558 465 762 521 quoniam
794 465 840 506 in
871 463 1052 520 sphaera
1085 463 1168 505 duo
1202 462 1349 505 circuli

99 534 173 576 imi
193 535 327 587 ΑΒΓ,
347 535 481 575 ΕΘΗ
502 532 683 574 eundem
711 530 918 573 circulum
939 533 1070 572 ΑΔΕ
1094 530 1352 585 confingunt

28 603 47 642 t
69 599 276 642 circulum
296 600 395 648 KA,
422 597 494 652 qui
522 596 683 638 circulo
705 600 835 638 AAE
852 595 1083 652 parallelus
1104 598 1179 647 est,
1207 597 1352 637 secant

923 665 965 703 et
1019 663 1146 717 polus
1203 660 1350 702 circuli

919 730 1062 770 ΑΒΓ
1080 727 1193 769 inter
1219 726 1350 768 eircu-

919 793 984 834 los
1006 796 1146 847 AAE,
1167 794 1253 834 KA
1273 794 1351 845 esss,

920 859 1050 900 etiam
1062 858 1212 900 circuli
1224 859 1355 899 ΕΘΠ

919 924 1046 980 polus
1081 924 1194 965 inter
1219 923 1352 965 circu-

920 989 985 1031 los
1006 992 1150 1043 AAE,
1172 990 1256 1031 KA
1276 991 1350 1030 esss.

921 1055 1067 1110 itaque
1112 1054 1221 1096 alter
1260 1054 1352 1096 eius

920 1121 1045 1175 polus
1078 1120 1190 1162 inter
1221 1120 1351 1162 circu-

920 1186 986 1228 los
1010 1188 1150 1241 ΗΖΘ,
1171 1187 1254 1227 ΒΓ
1272 1187 1348 1227 est.

921 1252 1008 1293 iam
1059 1251 1262 1306 quoniam
1307 1250 1351 1291 in

923 1317 1105 1372 sphaera
1168 1315 1353 1359 circulus

838 1427 854 1438 ..
922 1382 1352 1425 maximusEQHest

922 1451 966 1491 et
985 1448 1070 1490 duo
1092 1447 1242 1490 circuli
1261 1463 1351 1489 ma-

921 1514 1028 1555 ximi
1054 1515 1202 1568 ΡΟΠ,
1231 1512 1358 1561 ςΝΞ

924 1580 1132 1621 circulum
1146 1581 1279 1621 ΕΘΠ
1294 1593 1354 1620 se-

923 1647 1022 1688 cant
1054 1647 1096 1686 et
1120 1645 1246 1699 polus
1277 1644 1354 1685 cir-

925 1711 1011 1752 culi
1054 1712 1095 1751 E
1104 1711 1198 1751 ΘΠ
1244 1709 1355 1751 inter

926 1778 1018 1826 ΒΓ,
1038 1777 1165 1818 ΗΘΖ
1188 1778 1264 1829 est,
1289 1789 1355 1816 ar-

926 1856 999 1884 cus
1014 1844 1103 1885 ΠΤ
1112 1854 1215 1882 areu
1233 1839 1357 1889 ΤΝΞ

2 1952 6 1971 ,μ
926 1907 1064 1949 maior
1077 1908 1154 1962 est,
1172 1919 1357 1961 quorum

2 1974 98 2015 ΥΤ
126 1988 226 2016 arcu
257 1967 348 2017 YN
353 1977 397 2016 Σ
428 1973 571 2016 minor
605 1976 688 2030 θεὴ
724 1972 917 2028 reliquus
949 1972 1083 2029 igitur
1114 1985 1238 2014 arcus
1270 1973 1362 2014 ΤΠ

3 2036 169 2094 reliquo
191 2039 274 2088 ΣΞ
294 2039 432 2082 maior
456 2042 533 2081 est.
564 2041 751 2094 ponatur
776 2039 893 2082 arcui
915 2037 998 2087 ΣΞ
1020 2037 1210 2093 aequalis
1233 2051 1356 2079 arcus

3 2143 7 2156 ,,
17 2104 100 2146 ΤΧ
123 2108 166 2147 et
196 2104 491 2148 describantur
521 2104 671 2147 circuli
703 2105 917 2160 paralleli,
956 2118 1033 2159 per
1064 2118 1172 2158 quos
1197 2105 1357 2159 puncta

4 2166 64 2225 3,
86 2171 132 2211 X
155 2169 367 2226 feruntur,
402 2169 513 2220 ΞΨ,
538 2171 626 2218 Ως.
676 2170 820 2225 itaque
853 2184 975 2212 arcus
1009 2168 1104 2218 ΞΨ
1136 2169 1254 2211 arcui
1280 2170 1357 2212 Ως

4 2233 159 2277 similis
202 2237 265 2277 est
309 2235 383 2292 [ib.
417 2234 480 2291 H,
517 2235 604 2290 13].
666 2249 795 2291 quare
834 2235 929 2283 ΞΨ
968 2249 1068 2276 arcu
1106 2237 1179 2282 Χς
1222 2234 1358 2275 maior

4 2300 76 2341 est
110 2314 238 2356 quam
273 2301 440 2344 similis.
490 2301 651 2343 maiore
688 2301 821 2357 igitur
854 2304 1048 2356 kempore
1078 2302 1287 2356 punctum
1320 2298 1360 2347 Ξ

5 2377 154 2414 mum
172 2364 267 2414 ΞΨ
288 2367 498 2421 percurrit
517 2380 646 2421 quam
666 2367 712 2407 X
731 2381 876 2408 areum
895 2368 972 2414 Χς.
1005 2381 1154 2408 verum
1174 2368 1358 2420 tempus,
