1494 2450
79 793 120 824 10

76 1113 118 1144 15

72 1433 115 1463 20

69 1754 111 1784 25

1450 0 1494 126 3

154 94 238 137 218
539 98 792 132 ΕΙΣΑΓῼΓΗ
817 100 1088 134 ΑΡΜΟΝΙΚΗ
1468 126 1490 167 3⁷

154 202 345 256 φρύγιον
386 201 412 256 ἢ
451 203 606 245 λύδιον
645 203 668 257 ἢ
705 211 792 246 τῶν
829 204 973 247 ἄλλων
1007 207 1116 249 τινά.
1165 208 1247 250 εἰσὶ
1283 206 1332 251 δε
1366 210 1494 279 uadi.

151 265 443 320 Ἀριστόξενον
468 283 518 320 ιγ
542 268 676 310 τόνοι·
1479 265 1481 267 ¹

208 329 568 385 ὑπερμιξολύδιος
592 331 663 374 καὶ
688 332 987 388 ὑπερφρύγιος
1011 336 1291 388 καλούμενος·

209 393 452 448 μιξολύδιοι
485 396 586 450 δύο,
618 394 819 452 ὀξύτερος
849 396 919 439 καὶ
951 399 1209 454 βαρύτερος,
1239 396 1301 442 ὧν
1326 401 1350 444 6
1375 401 1477 453 ὀξύ-,

150 473 272 513 τερος
307 457 378 501 καὶ
416 458 691 515 ὑπεριάστιος
727 463 939 516 καλεῖται,
983 462 1006 504 6
1045 461 1092 504 δε
1127 464 1365 519 βαρύτερος
1399 465 1468 510 ital

149 521 436 578 ὑπερδώριος·

207 586 352 628 λύὸιοι
379 587 474 642 δύο,
500 587 701 643 ὀξύτερος
726 589 796 631 καὶ
820 589 1070 645 βαρύτερος,
1101 585 1164 633 ὧν
1188 590 1210 633 6
1235 593 1469 646 βαρύτερος

147 649 218 691 καὶ
245 652 409 701 αἰόλιος
433 654 639 694 καλεῖται·

206 715 388 768 φρύγιοι
409 716 503 769 δύο,
528 715 727 771 ὀξύτερος
745 717 815 758 καὶ
834 717 1085 773 βαρύτερος,
1111 715 1173 761 ὧν
1192 718 1214 761 6
1233 721 1468 775 βαρύτερος

146 777 217 820 καὶ
244 779 407 829 ἰάστιος
432 782 638 822 καλεῖται·

205 843 361 898 δώριος
386 838 463 893 εἷς·

203 906 437 950 ὑπολύδιοι
469 909 564 963 δύο,
595 908 796 965 ὀξύτερος
820 908 890 952 καὶ
915 912 1165 966 βαρύτερος,
1196 911 1243 961 ὃς
1266 911 1336 954 καὶ
1362 913 1467 956 ὑπο-

146 973 311 1021 αιόλιος
336 975 547 1014 καλεῖται·

201 1036 473 1092 ὑποφρύγιοι
498 1037 593 1092 δύο,
625 1034 687 1080 ὧν
712 1038 734 1080 6
761 1039 996 1094 βαρύτερος
1021 1038 1091 1081 καὶ
1117 1039 1369 1091 ὑποιάστιος
1393 1058 1465 1084 κα-

144 1103 295 1142 λεῖται·

201 1164 458 1219 ὑποδώριος.

201 1229 371 1271 τούτων
401 1229 606 1280 ὀξύτατος
635 1229 715 1284 μὲν
741 1231 763 1273 6
788 1231 1193 1286 (ὑπερμιξολύδιος,
1227 1235 1465 1289 βαρύτατος

142 1291 190 1334 δὲ
210 1292 232 1335 6
252 1292 540 1349 ὑπο>δώριος·
572 1296 615 1336 οἱ
641 1293 688 1337 δὲ
714 1295 808 1350 ἑξῆς
833 1297 879 1338 οἱ
895 1295 977 1338 ἀπὸ
997 1304 1084 1338 τῶν
1104 1296 1322 1347 ὀξυτάτων
1339 1298 1463 1353 μέχρι

140 1363 219 1399 τοῦ
244 1358 488 1410 βαρυτάτου
513 1359 741 1413 ἡμιτόνιον
765 1359 963 1414 ἀλλήλων
987 1360 1280 1416 ὑπερέχοντες,
1304 1363 1463 1418 παράλ-

142 1424 265 1475 ληλοι
279 1419 326 1463 δὲ
341 1423 421 1464 δύο
434 1423 605 1477 <τόνον,
619 1425 660 1465 οὶ
674 1421 722 1465 δὲ
734 1424 897 1478 τρίτοι>
911 1427 1222 1479 τριημιτόνιον·
1244 1425 1463 1480 ἀναλόγως

142 1486 190 1528 δὲ
214 1485 297 1536 ἕξει
322 1485 393 1528 καὶ
420 1486 488 1529 ἐπὶ
513 1494 587 1542 τῆς
612 1495 699 1530 τῶν
724 1490 889 1530 λοιπῶν
908 1489 1048 1530 τόνων
1067 1489 1339 1539 διαστάσεως.
1371 1489 1394 1532 6
1415 1491 1462 1532 δὲ

139 1550 499 1605 ὑπερμιξολύδιος
540 1558 618 1594 τοῦ
661 1552 912 1607 ὑποδωρίου
954 1557 1013 1610 τῷ
1052 1553 1123 1595 διὰ
1157 1560 1308 1595 πασῶν
1345 1552 1462 1596 ἐστιν

141 1614 353 1670 ὀξύτερος.

197 1678 219 1720 6
255 1679 302 1721 δὲ
337 1679 394 1729 ὡς
427 1679 583 1730 τάσις
617 1682 752 1730 τόνος»
778 1679 965 1735 λέγεται,
999 1678 1099 1723 καθ’
1131 1681 1154 1723 ὅ
1190 1698 1332 1737 φαμεν
1364 1681 1460 1733 ὀξυ-

138 1750 282 1785 τονεῖν
312 1759 410 1785 τινα
441 1742 467 1797 ἢ
497 1746 757 1800 βαρυτονεῖν
787 1743 813 1798 ἢ
844 1743 958 1802 μέσῳ
989 1750 1047 1802 τῷ
1073 1751 1148 1800 τῆς
1173 1751 1322 1800 φωνῆς
1346 1747 1459 1803 τόνῳ

137 1811 389 1861 κεχρῆσθαι.

198 1870 262 1912 13.
296 1873 570 1926 Μεταβολὴ
603 1870 649 1914 δὲ
681 1872 847 1927 λέγεται
878 1881 1104 1928 τετραχῶς·
1151 1873 1222 1915 καὶ
1246 1874 1327 1928 γὰρ
1353 1874 1458 1916 κατὰ

136 1933 261 1988 γένος
285 1934 356 1977 καὶ
381 1937 487 1977 κατὰ
513 1937 708 1991 σύστημα
733 1937 802 1978 καὶ
828 1938 934 1979 κατὰ
958 1939 1089 1980 τόνον
1113 1936 1184 1979 καὶ
1210 1939 1316 1980 κατὰ
1339 1941 1459 1991 μελο-

135 2000 294 2040 ποιΐαν.
320 2000 427 2041 κατὰ
451 1997 531 2052 μὲν
555 1997 638 2042 οὖν
662 1999 811 2054 γένος
835 2002 998 2055 γίνεται
1024 2003 1252 2056 μεταβολή,
1283 2002 1386 2044 ὅταν
1411 2000 1457 2043 ἐκ

193 2105 224 2136 2.
249 2101 366 2148 τόνοι]
392 2102 448 2144 W,
476 2113 542 2138 om.
570 2104 615 2138 M.
713 2108 743 2138 3.
770 2105 1030 2151 ὑπερφρύγιος]
1057 2104 1076 2139 ὁ
1102 2104 1331 2149 ὑποφρύγιος
1351 2104 1408 2140 W.

133 2152 164 2182 4.
192 2147 269 2206 καί]
296 2159 365 2183 om.
392 2148 448 2183 W.
569 2154 600 2185 ὃ.
627 2150 872 2197 ὑπεριάστιος]
899 2162 987 2186 corr.
1013 2162 1057 2186 ex
1083 2151 1293 2190 ὑποιάστιος
1316 2152 1362 2186 M.

134 2198 163 2228 6.
192 2194 431 2242 ὑπερδώριος]
457 2196 663 2240 ὑποδώριος
682 2197 739 2232 W.
836 2202 866 2232 7.
893 2195 943 2233 ὧν
968 2197 987 2234 ὁ
1012 2198 1224 2244 βαρύτερος]
1244 2197 1301 2240 W,
1327 2197 1368 2238 ὅς
1391 2197 1454 2239 M³‚

133 2252 202 2276 om
228 2242 291 2276 M¹
405 2247 436 2277 9.
463 2243 495 2276 Α
520 2244 582 2278 καὶ
607 2244 805 2297 βαρύτερος
829 2244 876 2279 ad
904 2248 944 2279 12
970 2245 1168 2290 βαρύτερος
1191 2225 1313 2280 erran't
1336 2243 1454 2286 M¹W;

132 2298 226 2332 quae
252 2299 333 2322 cum
359 2288 414 2322 M⁴
443 2289 658 2334 corrigeret
692 2290 804 2326 etiam
835 2302 927 2335 quae
951 2291 1176 2335 praecedunt
1201 2293 1237 2335 (a.
1260 2290 1322 2325 lin.
1343 2294 1364 2325 8
1389 2304 1454 2326 κα-

131 2337 257 2379 λεῖται)
291 2335 401 2369 erasit
434 2338 472 2371 et
505 2336 637 2371 litteus
673 2337 873 2372 minoribus
907 2338 1065 2383 scripsit.
1185 2341 1238 2373 16.
1273 2339 1334 2373 καὶ
1364 2337 1452 2374 ὑπο-
