1494 2450
27 826 68 855 10

27 1146 66 1177 15

95 86 151 127 ,54
597 91 902 127 ΦΑΙΝΟΜΕΝΑ

154 199 231 237 τοῦ
265 195 349 250 ἄρα
379 203 466 238 τῶν
497 197 661 253 ζῳδίων
690 197 852 240 κύκλου
883 200 934 241 τὰ
964 200 1207 254 ἡμικύκλια,
1241 202 1321 244 ὅσα
1344 204 1418 253 τὰς
1485 186 1494 209 γ’

97 256 230 312 ἀρχὰς
242 255 329 313 ἔχει
348 258 418 301 ἐπὶ
436 266 515 301 τοῦ
535 260 670 302 αὐτοῦ
689 269 778 304 τῶν
795 265 1096 318 παραλλήλων,
1117 264 1164 306 ἐν
1185 269 1262 322 ἴσῳ
1281 268 1421 324 χρόνω
1487 313 1491 316 ,

98 321 330 365 ἀνατέλλει.

741 417 778 460 ι’.

147 497 250 539 Ἐὰν
281 504 358 539 τοῦ
389 505 476 540 τῶν
507 500 673 555 ζῳδίων
704 500 865 542 κύκλου
897 502 977 544 δύο
1008 503 1239 557 ἡμικύκλια
1269 504 1318 547 ἐν
1347 505 1418 548 ἀν·

95 563 205 612 ίσοις
229 564 404 616 χρόνοις
428 561 640 622 ἀνατέλλῃ
664 566 818 619 κοινήν
837 580 934 608 τινα
954 564 1107 621 ἔχοντα
1125 569 1420 624 περιφέρειαν,

94 624 165 667 καὶ
197 627 240 668 αἱ
272 626 534 669 ἀπεναντίον
559 627 829 683 περιφέρειαι
855 627 903 671 ἐν
928 629 1096 681 ἀνίσοις
1120 634 1294 687 χρόνοις
1320 633 1421 675 ἀνα-

94 689 335 744 τέλλουσιν,
371 689 442 732 καὶ
474 690 499 744 ἡ
533 691 639 746 αὐτὴ
671 693 863 749 διαφορὰ
894 695 1011 736 ἔσται
1042 703 1130 738 τῶν
1154 698 1335 752 χρόνων,
1373 696 1421 740 ἐν

94 748 159 804 οἷς
190 754 241 795 τά
271 769 316 795 τε
346 754 577 809 ἡμικύκλια
609 755 828 799 ἀνατέλλει
853 757 925 800 καὶ
949 759 993 800 αἱ
1019 758 1280 803 ἀπεναντίον
1303 776 1419 818 περι-

95 817 264 874 φέρειαι
290 817 624 862 ἀνατέλλουσιν·
654 819 726 862 καὶ
753 820 829 863 ἐὰν
853 828 931 864 τοῦ
956 831 1043 866 τῶν
1069 824 1233 880 ζῳδίων
1257 826 1419 869 κύκλου

94 882 175 924 δύο
194 882 428 937 ἡμικύκλια
447 881 494 925 ἐν
515 887 593 941 ἴσῳ
613 885 754 941 χρόνω
769 884 978 944 ἀνατέλλῃ
991 890 1145 942 κοινήν
1157 904 1254 931 τινα
1267 887 1420 944 ἔχοντα

92 945 386 1001 περιφέρειαν,
404 947 476 989 καὶ
496 948 540 989 αἱ
560 927 820 992 ἀπεναντίον
838 949 1111 1006 περιφέρειαι
1126 951 1174 994 ἐν
1188 957 1266 1010 ἴσῳ
1279 955 1418 1012 χρόνῳ

94 1009 418 1052 ἀνατέλλουσιν

150 1072 258 1116 ἔστω
297 1074 344 1116 ἐν
380 1076 525 1132 κόσμῳ
564 1075 718 1130 ὁρίζων
751 1076 773 1118 ὁ
806 1080 950 1131 ΑΒΓ,
988 1077 1010 1120 ὁ
1047 1077 1095 1121 δὲ
1131 1087 1219 1122 τῶν
1255 1083 1419 1138 ζῳδίων

92 1139 250 1188 κύκλος
287 1138 417 1181 θέσιν
455 1139 581 1195 ἐχέτω
618 1141 698 1194 τὴν
735 1143 930 1196 ΑΕΓΛ,
967 1142 1038 1184 καὶ
1076 1143 1419 1200 ἀπειλήφθωσαν

95 1207 182 1244 ἴσαι
207 1202 475 1259 περιφέρειαι
501 1205 545 1245 αἱ
569 1207 674 1258 ΑΔ,
703 1207 798 1246 ΓΕ·
834 1207 940 1248 κατὰ
966 1207 1195 1263 διάμετρον
1220 1210 1302 1263 ἄρα
1327 1209 1417 1252 ἐστὶ

92 1268 139 1309 τὸ
166 1271 208 1308 Δ
238 1271 296 1325 τῷ
322 1270 370 1310 Ε.
419 1268 471 1309 τὰ
502 1266 550 1310 δὲ
575 1271 718 1322 ΑΔΓ,
749 1271 883 1311 ΔΓΕ
912 1270 1144 1324 ἡμικύκλια
1174 1271 1222 1315 ἐν
1251 1272 1418 1324 ἀνίσοις

92 1333 267 1386 χρόνοις
292 1330 572 1374 ἀνατελλέτω·
610 1331 735 1386 λέγω,
762 1333 825 1375 ὅτι
852 1332 923 1376 καὶ
949 1335 992 1376 αἱ
1018 1334 1279 1379 ἀπεναντίον
1303 1352 1417 1394 περι-

93 1394 261 1450 φέρειαι
286 1396 331 1437 αἱ
350 1399 454 1449 ΑΔ,
477 1398 553 1438 ΓΕ
576 1395 624 1438 ἐν
649 1396 817 1447 ἀνίσοις
841 1399 1015 1452 χρόνοις
1039 1399 1322 1443 ἀνατέλλουσι
1346 1400 1417 1444 καὶ

91 1551 307 1622 πορεύεται,
332 1549 374 1589 ἐν
399 1550 519 1606 τούτῳ
545 1547 586 1589 τὸ
612 1550 707 1590 κατὰ
733 1551 935 1605 διάμετρον
960 1552 1063 1607 αὐτῷ
1088 1550 1130 1592 τὸ
1150 1557 1181 1592 Ζ
1201 1553 1416 1606 ἀρξάμενον

91 1605 168 1647 ἀπὸ
195 1614 263 1647 τοῦ
281 1611 319 1647 Κ
344 1608 415 1659 τὴν
435 1611 560 1648 KNA
584 1607 830 1662 περιφέρειαν
855 1610 1121 1663 διαπορεύεται
1143 1611 1207 1651 καὶ
1225 1611 1417 1652 ἀνατέλλει

91 1664 132 1705 τὸ
151 1669 268 1705 ΕΒΖ
293 1664 544 1717 ἡμικύκλιον,
575 1666 616 1706 ἐν
642 1667 710 1723 ἴσῳ
736 1666 810 1720 ἄρα
834 1668 957 1723 χρόνῳ
983 1667 1174 1709 ἀνατέλλει
1199 1670 1244 1710 τὰ
1264 1673 1348 1709 ΜΔ
1357 1674 1415 1722 Ν

92 1728 127 1763 Ε
137 1727 205 1763 ΒΖ
230 1723 447 1775 ἡμικύκλια.

151 1829 182 1860 4.
209 1825 246 1870 ι’]
274 1824 331 1859 ια’
356 1825 399 1860 v'
451 1830 480 1860 6.
508 1824 697 1873 ἀνατέλλῃ]
723 1828 806 1871 post
829 1826 1026 1872 ἡμικύκλια
1051 1828 1128 1873 (lin.
1143 1830 1179 1874 5)
1203 1840 1270 1864 ser.
1284 1829 1367 1864 Vat.

93 1875 122 1905 7.
149 1871 382 1907 ἀπεναντίων
406 1871 448 1908 V.
498 1871 734 1908 ἀνατέλλουσι
758 1873 802 1917 V,
827 1875 869 1908 ut
894 1873 957 1909 lin
982 1878 1032 1910 13.
1139 1878 1170 1909 8.
1197 1875 1219 1920 ἡ
1239 1896 1284 1901 -
1303 1875 1413 1921 ἔσται]

92 1917 131 1952 αἱ
156 1918 266 1953 αὐταὶ
290 1919 470 1962 διαφοραὶ
496 1918 641 1954 ἔσονται
666 1919 749 1954 Vat.
860 1923 913 1955 10.
939 1919 1208 1967 ἀνατέλλουσιν]
1235 1933 1305 1957 om.
1330 1922 1413 1957 Vat.

635 2117 812 2152 Recensio
838 2118 873 2153 b.

151 2204 188 2241 p.
211 2191 279 2239 54,
295 2192 348 2229 14
361 2203 444 2241 sqq
477 2190 569 2230 ἔστω
600 2191 738 2239 κύκλος
763 2190 900 2244 ὁρίζων
927 2189 947 2231 ὅ
972 2195 1136 2244 ΑΒΔΓ,
1166 2192 1231 2233 καὶ
1255 2193 1413 2246 θερινὸς

94 2247 163 2299 μὲν
188 2247 367 2299 τροπικὸς
392 2247 413 2288 ὅ
439 2252 522 2298 ΑΓ,
535 2249 756 2318 χειμερινὸς
781 2248 823 2289 δὲ
847 2248 867 2289 ὁ
891 2252 980 2302 ΒΔ,
1013 2250 1198 2305 ζῳδιακὸς
1223 2249 1263 2291 δὲ
1289 2250 1309 2291 ὅ
1333 2255 1412 2301 ΓΒ,

93 2305 156 2345 καὶ
190 2304 499 2356 ἀπειλήφθωσαν
533 2307 611 2346 ἴσαι
644 2307 879 2361 περιφέρειαι
913 2308 958 2347 αἱ
986 2312 1083 2360 ΓΕ,
1116 2312 1211 2349 ΒΖ·
1258 2309 1304 2349 τὰ
1335 2308 1411 2363 ἄρα
