1494 2450
467 0 475 1 ἶ
506 0 615 1 Ϋήψ
735 0 1494 22 Ἣὴ-ἶε

128 110 182 150 72
629 111 934 146 ΦΑΙΝΟΜΕΝΑ

127 217 292 273 ζῳδίων
321 217 478 266 κύκλος
508 216 579 259 καὶ
610 216 659 259 τὸ
687 220 738 259 Η
762 216 832 259 ἐπὶ
855 215 903 259 τὸ
930 220 966 259 Β
999 217 1324 273 παραγινέσθω·
1366 216 1449 268 ἕξει

127 283 209 335 ἄρα
233 280 362 323 θέσιν
386 281 409 323 6
435 280 642 338 ζῳδιακὸς
666 283 746 336 τὴν
770 283 856 323 ΩΒ
872 285 925 323 Ψ.
968 280 1039 324 καὶ
1066 286 1135 336 ἴση
1162 281 1281 324 ἐστὶν
1303 283 1330 336 ἡ
1356 284 1450 325 KH

127 351 176 400 τῇ
203 348 306 387 ΗΛ·
352 349 422 399 ἴση
454 346 538 400 ἄρα
569 344 659 387 ἐστὶ
683 345 755 387 καὶ
779 346 805 400 ἡ
831 348 917 387 ΩΒ
942 352 993 401 τῇ
1019 348 1120 388 ΒΨ.
1168 349 1243 387 καί
1264 345 1354 388 ἐστι
1377 346 1448 399 μέ-
1489 365 1492 367 ’

126 420 273 462 γιστος
299 415 386 450 τῶν
403 411 691 464 παραλλήλων
709 409 732 450 6
752 412 902 463 BHA,
925 410 996 451 καὶ
1014 410 1280 464 παράλληλοι
1297 411 1447 452 κύκλοι

127 473 169 514 οἱ
194 475 306 526 ΩΚ,
339 475 440 514 ΨΛ·
479 477 572 527 ἴσος
598 474 683 527 ἄρα
707 473 826 516 ἐστὶν
851 474 873 516 6
900 476 994 516 ΩΚ
1016 478 1074 530 τῷ
1107 476 1203 515 ΨΑ.
1247 474 1355 516 ὥστε
1378 475 1449 517 καὶ

126 536 152 590 ἡ
179 537 263 584 ΒΞ
284 544 334 593 τῇ
361 540 445 578 ΒΟ
471 541 541 591 ἴση
567 537 698 591 ἐστίν,
723 539 794 580 καὶ
818 538 844 592 ἡ
870 536 953 580 ἀπὸ
979 544 1058 579 τοῦ
1078 539 1121 578 Ω
1145 538 1228 591 ἄρα
1254 537 1322 580 ἐπὶ
1347 537 1395 580 τὸ
1415 538 1454 585 Ξ

130 605 200 654 ἴση
227 599 318 643 ἐστὶ
344 607 395 656 τῇ
421 600 503 643 ἀπὸ
529 607 607 643 τοῦ
636 604 672 643 0
696 601 766 644 ἐπὶ
791 601 839 644 τὸ
867 604 922 643 Ψ.
953 603 1061 644 ὥστε
1085 599 1157 643 καὶ
1181 602 1207 656 ἡ
1228 602 1316 649 ΩΞ
1335 616 1450 656 περι-

130 746 173 781 H
181 744 232 795 Θ,
268 743 349 790 ἴσος
373 742 474 783 ἐστὶν
500 742 519 783 6
547 747 620 782 ΡΣ
646 749 698 799 τῷ
727 747 807 784 ΤΥ.
857 743 935 783 ἐπεὶ
966 738 1039 784 οὖν
1071 743 1113 782 ἐν
1144 745 1289 798 σφαίρᾳ
1314 744 1389 784 ἰ’σοι
1412 760 1450 784 τε

129 801 194 840 καὶ
224 801 460 854 παράλληλοι
489 802 624 842 κύκλοι
654 804 695 842 οἷ
723 806 811 853 ΡΣ,
845 805 922 842 ΤΥ
954 803 1131 855 μεγίστου
1167 802 1271 850 τινὸς
1305 803 1450 843 κύκλου

127 861 369 912 περιφερείας
405 867 474 899 τοῦ
500 863 652 900 ΑΒΓΔ
684 861 751 908 τὰς
779 864 875 913 ΤΗ,
901 864 983 899 ΗΡ
1012 860 1223 914 ἀφαιροῦσι
1255 860 1351 913 πρὸς
1383 861 1450 901 τὸν

127 917 304 970 μέγιστον
329 925 405 957 τῶν
430 919 684 970 παραλλήλων
708 919 775 959 τὸν
799 921 904 971 ΗΘ,
929 920 992 970 ἴση
1018 918 1119 958 ἐστὶν
1145 917 1167 969 ἡ
1196 922 1278 957 ΤΗ
1297 927 1344 974 τῇ
1364 922 1449 958 ΗΡ.

127 977 203 1016 ἔστι
237 974 278 1016 δὲ
308 976 372 1015 καὶ
402 975 427 1027 ἡ
455 979 525 1024 ζΗ
549 983 595 1032 τῇ
622 980 701 1016 Ηθ
725 978 807 1029 ἴση,
841 977 922 1017 ἐπεὶ
951 977 1017 1017 καὶ
1046 975 1070 1028 ἡ
1098 975 1180 1019 ΛΞ
1205 978 1267 1028 ἴση
1298 977 1375 1018 ἐστὶ
1404 984 1448 1032 τῇ

127 1033 235 1077 ΞΜ·
269 1036 333 1086 ἴση
358 1034 433 1087 ἄρα
457 1034 481 1086 ἡ
507 1034 584 1074 ἀπὸ
609 1041 678 1075 τοῦ
702 1040 734 1075 θ
757 1035 820 1075 ἐπὶ
844 1036 885 1076 τὸ
907 1039 939 1075 Ρ
957 1042 1002 1090 τῇ
1027 1035 1104 1075 ἀπὸ
1129 1042 1198 1075 τοῦ
1221 1039 1255 1075 T
1273 1035 1335 1076 ἐπὶ
1359 1035 1401 1075 τὸ
1421 1038 1449 1084 ζ.

127 1093 196 1132 καί
216 1091 318 1132 ἔστιν
344 1094 425 1140 ἴσος
451 1092 470 1133 6
498 1096 572 1132 ΡΣ
593 1094 734 1142 κύκλος
757 1098 808 1150 τῷ
835 1097 913 1133 ΤΥ
930 1095 1080 1148 κύκλῳ·
1113 1094 1176 1144 ἴση
1201 1092 1275 1146 ἄρα
1299 1092 1447 1133 ἐστὶν(
1424 1110 1449 1146 η

126 1154 198 1190 &P
217 1150 438 1204 περιφέρεια
464 1158 509 1206 τῇ
540 1153 596 1199 Τζ
617 1153 851 1206 περιφερεία.
883 1148 965 1192 ἀλλ’
993 1149 1018 1203 ἡ
1045 1154 1116 1190 &P
1133 1159 1180 1207 τῇ
1206 1155 1250 1190 Η
1253 1167 1269 1191 ε
1295 1166 1450 1223 περιφε-

129 1210 211 1282 ρεία
242 1209 343 1249 ἐστὶν
376 1208 512 1261 ὁμοία
555 1209 667 1250 καὶ(
645 1227 669 1262 η
695 1213 760 1250 Ηε
777 1209 864 1284 ἄρα
889 1216 934 1265 τῇ
962 1212 1021 1258 Τζ
1049 1209 1149 1249 ἐστὶν
1175 1209 1309 1262 ὁμοία·
1353 1210 1395 1250 ἐν
1419 1226 1449 1265 ῳ

127 1266 201 1320 ἄρα
233 1268 358 1324 χρόνῳ
391 1268 432 1308 τὸ
467 1283 483 1307 ε
517 1267 733 1321 ἀρξάμενον
767 1268 843 1309 ἀπὸ
876 1275 945 1309 τοῦ
970 1283 986 1307 ε
1012 1268 1082 1320 τὴν
1106 1271 1176 1307 εΗ
1205 1268 1450 1321 περιφέρειαν

127 1326 284 1366 διελθὸν
313 1325 377 1366 ἐπὶ
406 1326 448 1366 τὸ
474 1329 519 1365 Η
544 1328 835 1380 παραγίγνεται,
865 1326 907 1366 ε’ν
936 1326 1058 1381 τούτῳ
1088 1325 1152 1366 καὶ
1182 1326 1223 1366 τὸ
1249 1328 1270 1374 ζ
1297 1326 1368 1378 τὴν
1393 1329 1454 1374 §T

127 1384 284 1424 διελθὸν
315 1384 377 1424 ἐπὶ
406 1384 448 1424 τὸ
478 1388 512 1424 Τ
535 1386 818 1438 παραγίγνεται.
866 1384 961 1424 ἀλλὰ
991 1383 1033 1424 ἕν
1063 1400 1094 1456 ῳ
1124 1383 1194 1436 μὲν
1218 1385 1341 1439 χρόνῳ
1367 1385 1408 1425 τὸ
1433 1400 1450 1424 ε

127 1442 189 1482 ἐπὶ
213 1442 254 1482 τὸ
280 1446 326 1481 Η
350 1443 643 1514 παραγίγνεται,
673 1444 780 1484 δύνει
805 1441 829 1495 ἡ
855 1447 914 1483 εΡ
938 1443 1178 1496 περιφέρεια,
1207 1441 1446 1482 τουτέστιν’
1424 1459 1447 1494 η

126 1499 211 1544 ΛΞ
227 1500 471 1554 περιφέρεια
508 1501 550 1541 ἐν
575 1517 605 1557 ῳ
631 1500 671 1541 δὲ
696 1501 820 1557 χρόνῳ
844 1501 886 1542 τὸ
913 1504 933 1550 ζ
954 1500 1017 1541 ἐπὶ
1042 1501 1083 1541 τὸ
1112 1504 1148 1540 T
1165 1502 1450 1554 παραγίγνεται,

82 1571 101 1600 5
128 1560 235 1599 δύνει
259 1558 283 1611 ἡ
311 1561 376 1607 ζΗ
399 1559 639 1613 περιφέρεια,
670 1559 863 1600 τουτέστιν
888 1558 913 1611 ἡ
938 1558 1046 1603 ΞΜ·
1095 1557 1120 1610 ἡ
1146 1558 1264 1602 ΛΞ’
1248 1576 1321 1612 αρα
1345 1573 1449 1612 περι-

128 1617 262 1670 φέρεια
287 1624 332 1672 τῇ
358 1616 450 1660 ΞΜ
476 1619 699 1673 περιφερείᾳ
728 1618 771 1658 ἐν
802 1618 871 1674 ἴσῳ
903 1618 1027 1673 χρόνῳ
1059 1618 1177 1657 δύνει.
1228 1616 1369 1669 ὁμοίως
1400 1617 1449 1668 δὴ

128 1677 315 1727 δείξομεν,
346 1675 403 1715 ὅτι
427 1675 491 1715 καὶ
515 1675 539 1727 ἡ
565 1675 646 1719 ΚΞ
670 1682 715 1732 τῇ
740 1674 823 1719 ΞΝ
851 1675 893 1716 ἕν
918 1677 986 1732 ἴσῳ
1012 1676 1135 1731 χρόνῳ
1162 1676 1291 1715 δύνει·
1335 1675 1448 1726 λοιπὴ

127 1733 201 1787 ἄρα
224 1732 249 1785 ἡ
268 1737 348 1774 KA
371 1740 417 1790 τῇ
438 1737 541 1774 ΜΝ
561 1734 602 1774 ἐν
628 1735 697 1790 ι’σῳ
722 1734 846 1790 χρόνῳ
871 1735 990 1775 δύνει.
1022 1732 1163 1785 ὁμοίως
1189 1733 1237 1785 δὴ
1264 1734 1450 1785 δείξομεν,

130 1792 187 1832 ὅτι
210 1792 276 1832 καὶ
300 1809 325 1844 η
350 1795 427 1832 ΒΚ
450 1800 496 1848 τῇ
523 1796 601 1833 NA
625 1793 667 1833 ἐν
692 1794 761 1849 ισῳ
786 1793 910 1849 χρόνῳ
936 1793 1055 1833 δύνει

186 1850 250 1890 καὶ
274 1850 355 1890 ἐπεὶ
379 1851 422 1891 ἐν
446 1852 594 1891 πλείονι
618 1852 742 1923 χρόνῳ
767 1849 792 1902 ἡ
817 1853 894 1891 ΒΚ
925 1852 1050 1891 δύνει
1057 1848 1201 1903 ‘fixae‘
1178 1866 1203 1901 η
1229 1852 1326 1901 ΚΛ,
1358 1847 1381 1900 ἡ
1408 1847 1449 1889 δὲ

129 1911 206 1947 ΚΛ
229 1907 327 1962 ἥπερ
353 1925 377 1960 η
398 1908 495 1958 ΛΞ,
520 1906 603 1949 ἀλλ’
619 1908 660 1949 ἐν
686 1925 715 1965 ῳ
741 1907 811 1961 μὲν
836 1909 959 1965 χρόνῳ
984 1907 1008 1960 ἡ
1029 1911 1104 1949 ΒΚ
1123 1908 1245 1959 δύνει,
1269 1907 1311 1947 ἐν
1329 1908 1449 1979 τούτῳ

127 1965 368 2018 καὶὴΔΝ,
394 1960 731 2023 ἕνῳδὲὴΚΛ,
755 1967 942 2023 ἐντούτῳ
967 1965 1216 2018 καὶηΜΝ,
1240 1959 1398 2020 ἕνῷδὲ
1424 1982 1447 2016 η
1477 1961 1484 1967 ’

127 2023 223 2076 ΛΞ,
254 2025 296 2064 ἐν
325 2026 446 2082 τούτῳ
477 2025 542 2065 καὶ
566 2024 591 2077 ἡ
617 2024 723 2077 ΞΜ,
753 2025 818 2065 καὶ
842 2023 866 2077 ἡ
892 2008 962 2077 μὲν
987 2028 1073 2065 AN
1094 2023 1169 2078 ἄρα
1192 2030 1261 2076 τῆς
1285 2006 1382 2064 ΝΜ
1406 2023 1449 2064 ἐν

128 2084 274 2123 πλείονι
300 2083 424 2139 χρόνῳ
450 2084 570 2133 δύνει,
595 2082 620 2135 ἡ
647 2082 687 2124 δὲ
713 2086 758 2123 Ν
763 2087 816 2123 Μ
834 2090 902 2136 τῆς
926 2081 1022 2122 Μ
985 2109 1032 2125 ..0

185 2140 341 2194 λέγω,”
319 2157 376 2181 οτι
400 2140 513 2193 καὶὴ
540 2141 609 2194 μὲν
633 2140 718 2184 ΛΞ
734 2149 780 2198 τῇ
805 2140 898 2185 ΞΜ
923 2140 965 2181 ἐν
997 2142 1066 2197 ἴσῳ
1096 2140 1220 2196 χρόνῳ
1244 2138 1449 2191 ἀνατέλλει,

127 2197 536 2254 ἡδὲΚΛτῇΜΝ,
561 2198 939 2255 ἡδὲΒΚτῇΝΔ.

129 2309 219 2392 25¹]-
241 2303 289 2386 a3.
315 2302 396 2346 HA]
423 2304 491 2340 ΝΛ
517 2310 549 2341 a.
664 2304 695 2339 5.
731 2303 799 2339 ΨΑ
824 2301 1046 2350 (utrumque)
1074 2299 1138 2335 ΘΑ
1163 2308 1196 2339 ⁸-
1302 2303 1332 2337 6.
1366 2298 1447 2347 ΒΟ]
