<?xml version="1.0" encoding="UTF-8"?>
<!DOCTYPE html PUBLIC "-//W3C//DTD XHTML 1.0 Transitional//EN"
    "http://www.w3.org/TR/xhtml1/DTD/xhtml1-transitional.dtd">
<html xmlns="http://www.w3.org/1999/xhtml" xml:lang="en" lang="en">
 <head>
  <title>
</title>
<meta http-equiv="Content-Type" content="text/html;charset=utf-8" />
  <meta name='ocr-system' content='tesseract 3.04.00' />
  <meta name='ocr-capabilities' content='ocr_page ocr_carea ocr_par ocr_line ocrx_word'/>
</head>
<body>
  <div class='ocr_page' id='page_1' title='image "./euclidisoperaomn08eucluoft_0212.png"; bbox 0 0 1494 2450; ppageno 0'>
   <div class='ocr_carea' id='block_1_1' title="bbox 85 746 126 777">
    <p class='ocr_par' dir='ltr' id='par_1_1' title="bbox 85 746 126 777">
     <span class='ocr_line' id='line_1_1' title="bbox 85 746 126 777; baseline -0.049 0"><span class='ocrx_word' id='word_1_1' title='bbox 85 746 126 777; x_wconf 94' lang='lat'><em>10</em></span> 
     </span>
    </p>
   </div>
   <div class='ocr_carea' id='block_1_2' title="bbox 84 1066 126 1097">
    <p class='ocr_par' dir='ltr' id='par_1_2' title="bbox 84 1066 126 1097">
     <span class='ocr_line' id='line_1_2' title="bbox 84 1066 126 1097; baseline -0.024 0"><span class='ocrx_word' id='word_1_2' title='bbox 84 1066 126 1097; x_wconf 85' lang='lat'><em>15</em></span> 
     </span>
    </p>
   </div>
   <div class='ocr_carea' id='block_1_3' title="bbox 82 1385 126 1416">
    <p class='ocr_par' dir='ltr' id='par_1_3' title="bbox 82 1385 126 1416">
     <span class='ocr_line' id='line_1_3' title="bbox 82 1385 126 1416; baseline 0 0"><span class='ocrx_word' id='word_1_3' title='bbox 82 1385 126 1416; x_wconf 83' lang='lat'><em>20</em></span> 
     </span>
    </p>
   </div>
   <div class='ocr_carea' id='block_1_4' title="bbox 84 2026 128 2057">
    <p class='ocr_par' dir='ltr' id='par_1_4' title="bbox 84 2026 128 2057">
     <span class='ocr_line' id='line_1_4' title="bbox 84 2026 128 2057; baseline 0 0"><span class='ocrx_word' id='word_1_4' title='bbox 84 2026 128 2057; x_wconf 86' lang='lat'><em>30</em></span> 
     </span>
    </p>
   </div>
   <div class='ocr_carea' id='block_1_5' title="bbox 1414 0 1494 472">
    <p class='ocr_par' dir='ltr' id='par_1_5' title="bbox 1414 0 1494 472">
     <span class='ocr_line' id='line_1_5' title="bbox 1421 0 1494 93; baseline 0 2357"><span class='ocrx_word' id='word_1_5' title='bbox 1421 0 1494 93; x_wconf 95' lang='lat' dir='ltr'><em> </em></span> 
     </span>
     <span class='ocr_line' id='line_1_6' title="bbox 1414 93 1494 472; baseline 0.113 -98"><span class='ocrx_word' id='word_1_6' title='bbox 1414 93 1494 472; x_wconf 95' lang='lat' dir='ltr'><em>    </em></span> 
     </span>
    </p>
   </div>
   <div class='ocr_carea' id='block_1_6' title="bbox 159 53 1134 94">
    <p class='ocr_par' dir='ltr' id='par_1_6' title="bbox 159 53 1134 94">
     <span class='ocr_line' id='line_1_7' title="bbox 159 53 1134 94; baseline -0.001 0"><span class='ocrx_word' id='word_1_7' title='bbox 159 53 240 94; x_wconf 82' lang='lat'><em>154</em></span> <span class='ocrx_word' id='word_1_8' title='bbox 498 53 696 89; x_wconf 86' lang='lat' dir='ltr'>SCHOLIA</span> <span class='ocrx_word' id='word_1_9' title='bbox 722 55 774 90; x_wconf 86' lang='lat' dir='ltr'><em>IN</em></span> <span class='ocrx_word' id='word_1_10' title='bbox 798 55 1134 92; x_wconf 83' lang='lat' dir='ltr'>PHAENOMENA</span> 
     </span>
    </p>
   </div>
   <div class='ocr_carea' id='block_1_7' title="bbox 150 154 1488 1687">
    <p class='ocr_par' dir='ltr' id='par_1_7' title="bbox 150 154 1488 1687">
     <span class='ocr_line' id='line_1_8' title="bbox 153 154 1474 228; baseline 0.005 -27"><span class='ocrx_word' id='word_1_11' title='bbox 153 154 187 215; x_wconf 74' lang='grc' dir='ltr'><em>ᾧ</em></span> <span class='ocrx_word' id='word_1_12' title='bbox 206 160 289 214; x_wconf 76' lang='grc' dir='ltr'><em>ἄρα</em></span> <span class='ocrx_word' id='word_1_13' title='bbox 307 162 449 217; x_wconf 81' lang='grc' dir='ltr'><strong><em>χρόνῳ</em></strong></span> <span class='ocrx_word' id='word_1_14' title='bbox 467 161 493 215; x_wconf 91' lang='grc' dir='ltr'><em>ἡ</em></span> <span class='ocrx_word' id='word_1_15' title='bbox 507 164 598 203; x_wconf 89' lang='grc' dir='ltr'><em>ΕΚ</em></span> <span class='ocrx_word' id='word_1_16' title='bbox 614 162 752 215; x_wconf 97' lang='grc' dir='ltr'><em>δύνει,</em></span> <span class='ocrx_word' id='word_1_17' title='bbox 772 161 819 204; x_wconf 85' lang='grc' dir='ltr'><em>ἐν</em></span> <span class='ocrx_word' id='word_1_18' title='bbox 838 164 976 220; x_wconf 88' lang='grc' dir='ltr'><em>τούτῳ</em></span> <span class='ocrx_word' id='word_1_19' title='bbox 996 163 1067 206; x_wconf 84' lang='grc' dir='ltr'><em>καὶ</em></span> <span class='ocrx_word' id='word_1_20' title='bbox 1086 165 1111 218; x_wconf 90' lang='grc' dir='ltr'><em>ἡ</em></span> <span class='ocrx_word' id='word_1_21' title='bbox 1131 167 1215 207; x_wconf 94' lang='grc' dir='ltr'><em>ΚΛ</em></span> <span class='ocrx_word' id='word_1_22' title='bbox 1236 165 1406 220; x_wconf 73' lang='lat' dir='ltr'>[prop-l</span> <span class='ocrx_word' id='word_1_23' title='bbox 1456 167 1474 228; x_wconf 47' lang='grc' dir='ltr'><em>’,ξ</em></span> 
     </span>
     <span class='ocr_line' id='line_1_9' title="bbox 154 219 1393 285; baseline 0.005 -20"><span class='ocrx_word' id='word_1_24' title='bbox 154 223 200 265; x_wconf 83' lang='grc' dir='ltr'><em>ἐν</em></span> <span class='ocrx_word' id='word_1_25' title='bbox 226 219 260 280; x_wconf 72' lang='grc' dir='ltr'><em>ᾧ</em></span> <span class='ocrx_word' id='word_1_26' title='bbox 285 224 334 266; x_wconf 82' lang='grc' dir='ltr'><em>δὲ</em></span> <span class='ocrx_word' id='word_1_27' title='bbox 359 226 499 281; x_wconf 93' lang='grc' dir='ltr'><em>χρόνῳ</em></span> <span class='ocrx_word' id='word_1_28' title='bbox 525 226 550 279; x_wconf 94' lang='grc' dir='ltr'><em>ἡ</em></span> <span class='ocrx_word' id='word_1_29' title='bbox 576 228 667 267; x_wconf 87' lang='grc' dir='ltr'><em>ΕΚ</em></span> <span class='ocrx_word' id='word_1_30' title='bbox 689 226 825 281; x_wconf 89' lang='grc' dir='ltr'><em>δύνει,</em></span> <span class='ocrx_word' id='word_1_31' title='bbox 850 226 898 269; x_wconf 82' lang='grc' dir='ltr'><em>ἐν</em></span> <span class='ocrx_word' id='word_1_32' title='bbox 923 229 1060 285; x_wconf 89' lang='grc' dir='ltr'><em>τούτῳ</em></span> <span class='ocrx_word' id='word_1_33' title='bbox 1087 229 1173 283; x_wconf 90' lang='grc' dir='ltr'><em>ἡΕ</em></span> <span class='ocrx_word' id='word_1_34' title='bbox 1181 232 1215 271; x_wconf 95' lang='grc' dir='ltr'><em>Ζ</em></span> <span class='ocrx_word' id='word_1_35' title='bbox 1239 228 1393 272; x_wconf 80' lang='grc' dir='ltr'><em>ἀνατὲλ</em></span> 
     </span>
     <span class='ocr_line' id='line_1_10' title="bbox 152 283 1414 350; baseline 0.005 -21"><span class='ocrx_word' id='word_1_36' title='bbox 152 288 222 329; x_wconf 80' lang='grc' dir='ltr'><em>καὶ</em></span> <span class='ocrx_word' id='word_1_37' title='bbox 248 288 295 330; x_wconf 85' lang='grc' dir='ltr'><em>ἐν</em></span> <span class='ocrx_word' id='word_1_38' title='bbox 320 283 354 345; x_wconf 74' lang='grc' dir='ltr'><strong><em>ᾧ</em></strong></span> <span class='ocrx_word' id='word_1_39' title='bbox 375 289 458 343; x_wconf 76' lang='grc' dir='ltr'><em>ἄρα</em></span> <span class='ocrx_word' id='word_1_40' title='bbox 482 290 623 346; x_wconf 86' lang='grc' dir='ltr'><em>χρόνῳ</em></span> <span class='ocrx_word' id='word_1_41' title='bbox 648 290 674 343; x_wconf 91' lang='grc' dir='ltr'><em>ἡ</em></span> <span class='ocrx_word' id='word_1_42' title='bbox 699 293 784 332; x_wconf 90' lang='grc' dir='ltr'><em>ΕΖ</em></span> <span class='ocrx_word' id='word_1_43' title='bbox 807 290 1042 346; x_wconf 79' lang='grc' dir='ltr'><em>ἀνατέλλει,</em></span> <span class='ocrx_word' id='word_1_44' title='bbox 1067 293 1092 346; x_wconf 90' lang='grc' dir='ltr'><em>ἡ</em></span> <span class='ocrx_word' id='word_1_45' title='bbox 1118 295 1201 334; x_wconf 90' lang='grc' dir='ltr'><em>ΚΛ</em></span> <span class='ocrx_word' id='word_1_46' title='bbox 1226 293 1359 335; x_wconf 82' lang='grc' dir='ltr'><em>δύνει.</em></span> <span class='ocrx_word' id='word_1_47' title='bbox 1389 309 1414 350; x_wconf 68' lang='grc' dir='ltr'><em>ις</em></span> 
     </span>
     <span class='ocr_line' id='line_1_11' title="bbox 153 350 1398 413; baseline 0.005 -20"><span class='ocrx_word' id='word_1_48' title='bbox 153 352 228 401; x_wconf 84' lang='grc' dir='ltr'><em>νὸς</em></span> <span class='ocrx_word' id='word_1_49' title='bbox 264 354 539 405; x_wconf 78' lang='grc' dir='ltr'><em>προσκείσθω</em></span> <span class='ocrx_word' id='word_1_50' title='bbox 578 353 600 394; x_wconf 89' lang='grc' dir='ltr'>ὁ</span> <span class='ocrx_word' id='word_1_51' title='bbox 631 356 806 409; x_wconf 80' lang='grc' dir='ltr'><em>χρόνος,</em></span> <span class='ocrx_word' id='word_1_52' title='bbox 843 355 891 397; x_wconf 82' lang='grc' dir='ltr'><em>έν</em></span> <span class='ocrx_word' id='word_1_53' title='bbox 920 350 954 413; x_wconf 76' lang='grc' dir='ltr'><strong><em>ᾧ</em></strong></span> <span class='ocrx_word' id='word_1_54' title='bbox 985 357 1010 410; x_wconf 87' lang='grc' dir='ltr'><em>ἡ</em></span> <span class='ocrx_word' id='word_1_55' title='bbox 1042 359 1130 398; x_wconf 90' lang='grc' dir='ltr'><em>ΕΚ</em></span> <span class='ocrx_word' id='word_1_56' title='bbox 1158 355 1398 407; x_wconf 80' lang='grc' dir='ltr'><em>ἐξαλλάττει</em></span> 
     </span>
     <span class='ocr_line' id='line_1_12' title="bbox 155 416 1485 483; baseline 0.006 -27"><span class='ocrx_word' id='word_1_57' title='bbox 155 417 348 469; x_wconf 89' lang='grc' dir='ltr'><em>φανερὸν</em></span> <span class='ocrx_word' id='word_1_58' title='bbox 372 417 682 471; x_wconf 82' lang='grc' dir='ltr'><em>ἡμισφαίριον·</em></span> <span class='ocrx_word' id='word_1_59' title='bbox 714 417 736 459; x_wconf 88' lang='grc' dir='ltr'>ὁ</span> <span class='ocrx_word' id='word_1_60' title='bbox 763 420 844 473; x_wconf 78' lang='grc' dir='ltr'><em>ἄρα</em></span> <span class='ocrx_word' id='word_1_61' title='bbox 869 422 1039 475; x_wconf 84' lang='grc' dir='ltr'><em>χρόνος,</em></span> <span class='ocrx_word' id='word_1_62' title='bbox 1064 419 1112 462; x_wconf 81' lang='grc' dir='ltr'><em>ἐν</em></span> <span class='ocrx_word' id='word_1_63' title='bbox 1136 416 1170 477; x_wconf 75' lang='grc' dir='ltr'><em>ᾦ</em></span> <span class='ocrx_word' id='word_1_64' title='bbox 1195 421 1221 475; x_wconf 94' lang='grc' dir='ltr'><em>ἡ</em></span> <span class='ocrx_word' id='word_1_65' title='bbox 1241 423 1323 462; x_wconf 92' lang='grc' dir='ltr'><em>ΚΛ</em></span> <span class='ocrx_word' id='word_1_66' title='bbox 1342 416 1485 483; x_wconf 51' lang='grc' dir='ltr'><em>δύνᾷζὲ</em></span> 
     </span>
     <span class='ocr_line' id='line_1_13' title="bbox 151 476 1475 540; baseline 0.004 -18"><span class='ocrx_word' id='word_1_67' title='bbox 151 480 256 533; x_wconf 81' lang='grc' dir='ltr'><em>μετὰ</em></span> <span class='ocrx_word' id='word_1_68' title='bbox 286 486 363 522; x_wconf 90' lang='grc' dir='ltr'><em>τοῦ</em></span> <span class='ocrx_word' id='word_1_69' title='bbox 395 482 572 535; x_wconf 87' lang='grc' dir='ltr'><em>χρόνου,</em></span> <span class='ocrx_word' id='word_1_70' title='bbox 610 479 657 522; x_wconf 79' lang='grc' dir='ltr'><em>ἐν</em></span> <span class='ocrx_word' id='word_1_71' title='bbox 688 476 722 539; x_wconf 76' lang='grc' dir='ltr'><em>ᾦ</em></span> <span class='ocrx_word' id='word_1_72' title='bbox 752 483 779 537; x_wconf 91' lang='grc' dir='ltr'><em>ἡ</em></span> <span class='ocrx_word' id='word_1_73' title='bbox 810 486 900 525; x_wconf 90' lang='grc' dir='ltr'><em>ΕΚ</em></span> <span class='ocrx_word' id='word_1_74' title='bbox 930 483 1167 534; x_wconf 78' lang='grc' dir='ltr'><em>ἐξαλλάττει</em></span> <span class='ocrx_word' id='word_1_75' title='bbox 1201 485 1248 527; x_wconf 89' lang='grc' dir='ltr'><em>τὸ</em></span> <span class='ocrx_word' id='word_1_76' title='bbox 1286 485 1475 540; x_wconf 53' lang='grc' dir='ltr'><em>φανερὰν</em></span> 
     </span>
     <span class='ocr_line' id='line_1_14' title="bbox 151 542 1474 605; baseline 0.005 -21"><span class='ocrx_word' id='word_1_77' title='bbox 151 544 450 599; x_wconf 80' lang='grc' dir='ltr'><em>ἡμισφαίριον,</em></span> <span class='ocrx_word' id='word_1_78' title='bbox 477 548 570 594; x_wconf 78' lang='grc' dir='ltr'><em>ἴσος</em></span> <span class='ocrx_word' id='word_1_79' title='bbox 596 543 686 586; x_wconf 80' lang='grc' dir='ltr'><em>ἐστὶ</em></span> <span class='ocrx_word' id='word_1_80' title='bbox 711 552 770 602; x_wconf 76' lang='grc' dir='ltr'><em>τῷ</em></span> <span class='ocrx_word' id='word_1_81' title='bbox 797 548 954 604; x_wconf 86' lang='grc' dir='ltr'><em>χρόνῳ,</em></span> <span class='ocrx_word' id='word_1_82' title='bbox 978 546 1026 590; x_wconf 83' lang='grc' dir='ltr'><em>ἐν</em></span> <span class='ocrx_word' id='word_1_83' title='bbox 1051 542 1084 605; x_wconf 76' lang='grc' dir='ltr'>ᾧ</span> <span class='ocrx_word' id='word_1_84' title='bbox 1105 547 1131 601; x_wconf 87' lang='grc' dir='ltr'><em>ἡ</em></span> <span class='ocrx_word' id='word_1_85' title='bbox 1150 551 1233 590; x_wconf 92' lang='grc' dir='ltr'><em>ΕΖ</em></span> <span class='ocrx_word' id='word_1_86' title='bbox 1258 548 1474 602; x_wconf 60' lang='grc' dir='ltr'><em>ἀνατέλλει</em></span> 
     </span>
     <span class='ocr_line' id='line_1_15' title="bbox 153 607 1475 667; baseline 0.005 -18"><span class='ocrx_word' id='word_1_87' title='bbox 153 608 224 649; x_wconf 82' lang='grc' dir='ltr'><em>καὶ</em></span> <span class='ocrx_word' id='word_1_88' title='bbox 249 608 274 661; x_wconf 90' lang='grc' dir='ltr'><em>ἡ</em></span> <span class='ocrx_word' id='word_1_89' title='bbox 301 611 391 650; x_wconf 89' lang='grc' dir='ltr'><em>ΕΚ</em></span> <span class='ocrx_word' id='word_1_90' title='bbox 417 607 660 659; x_wconf 76' lang='grc' dir='ltr'><em>ἐξαλλάττει</em></span> <span class='ocrx_word' id='word_1_91' title='bbox 691 610 739 651; x_wconf 88' lang='grc' dir='ltr'><em>τὸ</em></span> <span class='ocrx_word' id='word_1_92' title='bbox 772 612 966 666; x_wconf 90' lang='grc' dir='ltr'><em>φανερὸν</em></span> <span class='ocrx_word' id='word_1_93' title='bbox 989 612 1285 667; x_wconf 87' lang='grc' dir='ltr'><em>ἡμισφαίριον.</em></span> <span class='ocrx_word' id='word_1_94' title='bbox 1333 611 1422 655; x_wconf 83' lang='grc' dir='ltr'><em>ἀλλ’</em></span> <span class='ocrx_word' id='word_1_95' title='bbox 1440 609 1475 658; x_wconf 54' lang='lat'><em>2&amp;</em></span> 
     </span>
     <span class='ocr_line' id='line_1_16' title="bbox 150 667 675 728; baseline 0.004 -15"><span class='ocrx_word' id='word_1_96' title='bbox 150 669 231 724; x_wconf 76' lang='grc' dir='ltr'><em>μὲν</em></span> <span class='ocrx_word' id='word_1_97' title='bbox 274 674 449 726; x_wconf 81' lang='grc' dir='ltr'><em>χρόνος,</em></span> <span class='ocrx_word' id='word_1_98' title='bbox 493 671 541 714; x_wconf 82' lang='grc' dir='ltr'><em>ἐν</em></span> <span class='ocrx_word' id='word_1_99' title='bbox 578 667 614 728; x_wconf 72' lang='grc' dir='ltr'><em>ᾦ</em></span> <span class='ocrx_word' id='word_1_100' title='bbox 650 674 675 727; x_wconf 92' lang='grc' dir='ltr'><em>ἡ</em></span> 
     </span>
     <span class='ocr_line' id='line_1_17' title="bbox 154 735 679 791; baseline 0.006 -15"><span class='ocrx_word' id='word_1_101' title='bbox 154 738 246 777; x_wconf 93' lang='grc' dir='ltr'><em>ΛΚ</em></span> <span class='ocrx_word' id='word_1_102' title='bbox 277 736 400 778; x_wconf 88' lang='grc' dir='ltr'><em>δύνει</em></span> <span class='ocrx_word' id='word_1_103' title='bbox 431 735 502 778; x_wconf 82' lang='grc' dir='ltr'><em>καὶ</em></span> <span class='ocrx_word' id='word_1_104' title='bbox 533 737 559 791; x_wconf 90' lang='grc' dir='ltr'><em>ἡ</em></span> <span class='ocrx_word' id='word_1_105' title='bbox 591 739 679 779; x_wconf 90' lang='grc' dir='ltr'><em>ΚΕ</em></span> 
     </span>
     <span class='ocr_line' id='line_1_18' title="bbox 154 798 676 856; baseline 0.004 -16"><span class='ocrx_word' id='word_1_106' title='bbox 154 798 394 849; x_wconf 81' lang='grc' dir='ltr'><em>ἐξαλλάττει</em></span> <span class='ocrx_word' id='word_1_107' title='bbox 413 802 461 843; x_wconf 95' lang='grc' dir='ltr'><em>τὸ</em></span> <span class='ocrx_word' id='word_1_108' title='bbox 483 802 676 856; x_wconf 90' lang='grc' dir='ltr'><em>φανερὸν</em></span> 
     </span>
     <span class='ocr_line' id='line_1_19' title="bbox 152 863 676 919; baseline 0.006 -15"><span class='ocrx_word' id='word_1_109' title='bbox 152 863 453 918; x_wconf 83' lang='grc' dir='ltr'><em>ἡμισφαίριον,</em></span> <span class='ocrx_word' id='word_1_110' title='bbox 478 864 500 906; x_wconf 92' lang='grc' dir='ltr'>ὁ</span> <span class='ocrx_word' id='word_1_111' title='bbox 521 867 676 919; x_wconf 80' lang='grc' dir='ltr'><em>χρόνος</em></span> 
     </span>
     <span class='ocr_line' id='line_1_20' title="bbox 152 922 675 984; baseline 0.004 -16"><span class='ocrx_word' id='word_1_112' title='bbox 152 926 282 980; x_wconf 82' lang='grc' dir='ltr'><em>ἐστίν,</em></span> <span class='ocrx_word' id='word_1_113' title='bbox 313 926 361 969; x_wconf 84' lang='grc' dir='ltr'><em>ἐν</em></span> <span class='ocrx_word' id='word_1_114' title='bbox 392 922 427 984; x_wconf 73' lang='grc' dir='ltr'><em>ᾧ</em></span> <span class='ocrx_word' id='word_1_115' title='bbox 455 928 482 982; x_wconf 88' lang='grc' dir='ltr'><em>ἡ</em></span> <span class='ocrx_word' id='word_1_116' title='bbox 507 931 588 970; x_wconf 92' lang='grc' dir='ltr'><em>ΕΛ</em></span> <span class='ocrx_word' id='word_1_117' title='bbox 613 927 675 979; x_wconf 80' lang='grc' dir='ltr'><em>ἐξ-</em></span> 
     </span>
     <span class='ocr_line' id='line_1_21' title="bbox 151 991 762 1055; baseline 0 -23"><span class='ocrx_word' id='word_1_118' title='bbox 151 991 354 1033; x_wconf 87' lang='grc' dir='ltr'><em>αλλάσσει</em></span> <span class='ocrx_word' id='word_1_119' title='bbox 396 993 444 1034; x_wconf 89' lang='grc' dir='ltr'><em>τὸ</em></span> <span class='ocrx_word' id='word_1_120' title='bbox 483 994 677 1055; x_wconf 72' lang='grc' dir='ltr'><em>φανερὸν</em></span> <span class='ocrx_word' id='word_1_121' title='bbox 722 999 762 1032; x_wconf 84' lang='lat' dir='ltr'><em>H</em></span> 
     </span>
     <span class='ocr_line' id='line_1_22' title="bbox 152 1054 757 1112; baseline 0.005 -17"><span class='ocrx_word' id='word_1_122' title='bbox 152 1055 454 1111; x_wconf 86' lang='grc' dir='ltr'><em>ἡμισφαίριον·</em></span> <span class='ocrx_word' id='word_1_123' title='bbox 474 1055 496 1098; x_wconf 89' lang='grc' dir='ltr'>ὁ</span> <span class='ocrx_word' id='word_1_124' title='bbox 517 1054 564 1098; x_wconf 75' lang='grc' dir='ltr'><em>δὲ</em></span> <span class='ocrx_word' id='word_1_125' title='bbox 578 1058 676 1111; x_wconf 90' lang='grc' dir='ltr'><em>χρό-</em></span> <span class='ocrx_word' id='word_1_126' title='bbox 723 1081 757 1112; x_wconf 73' lang='grc' dir='ltr'><em>Γ</em></span> 
     </span>
     <span class='ocr_line' id='line_1_23' title="bbox 152 1114 676 1176; baseline 0.004 -16"><span class='ocrx_word' id='word_1_127' title='bbox 152 1135 246 1173; x_wconf 82' lang='grc' dir='ltr'><em>νος,</em></span> <span class='ocrx_word' id='word_1_128' title='bbox 278 1118 326 1161; x_wconf 83' lang='grc' dir='ltr'><em>ἐν</em></span> <span class='ocrx_word' id='word_1_129' title='bbox 357 1114 389 1176; x_wconf 77' lang='grc' dir='ltr'><strong><em>ᾧ</em></strong></span> <span class='ocrx_word' id='word_1_130' title='bbox 409 1120 435 1174; x_wconf 87' lang='grc' dir='ltr'><em>ἡ</em></span> <span class='ocrx_word' id='word_1_131' title='bbox 462 1124 543 1161; x_wconf 91' lang='grc' dir='ltr'><em>ΕΖ</em></span> <span class='ocrx_word' id='word_1_132' title='bbox 574 1119 676 1162; x_wconf 89' lang='grc' dir='ltr'><em>ἀνα-</em></span> 
     </span>
     <span class='ocr_line' id='line_1_24' title="bbox 152 1182 676 1238; baseline 0.004 -14"><span class='ocrx_word' id='word_1_133' title='bbox 152 1182 310 1236; x_wconf 85' lang='grc' dir='ltr'><em>τέλλει,</em></span> <span class='ocrx_word' id='word_1_134' title='bbox 340 1184 445 1236; x_wconf 81' lang='grc' dir='ltr'><em>μετὰ</em></span> <span class='ocrx_word' id='word_1_135' title='bbox 475 1190 553 1226; x_wconf 90' lang='grc' dir='ltr'><em>τοῦ</em></span> <span class='ocrx_word' id='word_1_136' title='bbox 579 1186 676 1238; x_wconf 91' lang='grc' dir='ltr'><em>χρό-</em></span> 
     </span>
     <span class='ocr_line' id='line_1_25' title="bbox 151 1242 676 1304; baseline 0.002 -16"><span class='ocrx_word' id='word_1_137' title='bbox 151 1263 248 1300; x_wconf 92' lang='grc' dir='ltr'><em>νου,</em></span> <span class='ocrx_word' id='word_1_138' title='bbox 275 1246 322 1289; x_wconf 83' lang='grc' dir='ltr'><em>έν</em></span> <span class='ocrx_word' id='word_1_139' title='bbox 346 1242 381 1304; x_wconf 77' lang='grc' dir='ltr'><em>ᾦ</em></span> <span class='ocrx_word' id='word_1_140' title='bbox 399 1247 426 1302; x_wconf 89' lang='grc' dir='ltr'><em>ἡ</em></span> <span class='ocrx_word' id='word_1_141' title='bbox 446 1250 537 1289; x_wconf 91' lang='grc' dir='ltr'><em>ΕΚ</em></span> <span class='ocrx_word' id='word_1_142' title='bbox 558 1247 676 1298; x_wconf 82' lang='grc' dir='ltr'><em>ἐξαλ-</em></span> 
     </span>
     <span class='ocr_line' id='line_1_26' title="bbox 152 1311 676 1366; baseline 0.004 -15"><span class='ocrx_word' id='word_1_143' title='bbox 152 1311 294 1353; x_wconf 88' lang='grc' dir='ltr'><em>λάττει</em></span> <span class='ocrx_word' id='word_1_144' title='bbox 311 1313 358 1354; x_wconf 93' lang='grc' dir='ltr'><em>τὸ</em></span> <span class='ocrx_word' id='word_1_145' title='bbox 373 1313 567 1366; x_wconf 87' lang='grc' dir='ltr'><em>φανερὸν</em></span> <span class='ocrx_word' id='word_1_146' title='bbox 579 1313 676 1366; x_wconf 91' lang='grc' dir='ltr'><em>ἡμι-</em></span> 
     </span>
     <span class='ocr_line' id='line_1_27' title="bbox 153 1375 1467 1435; baseline 0.005 -19"><span class='ocrx_word' id='word_1_147' title='bbox 153 1377 387 1429; x_wconf 90' lang='grc' dir='ltr'><em>σφαίριον,</em></span> <span class='ocrx_word' id='word_1_148' title='bbox 445 1375 467 1417; x_wconf 91' lang='grc' dir='ltr'>ὁ</span> <span class='ocrx_word' id='word_1_149' title='bbox 522 1377 677 1430; x_wconf 80' lang='grc' dir='ltr'><em>χρόνος</em></span> <span class='ocrx_word' id='word_1_150' title='bbox 1451 1404 1467 1435; x_wconf 21' lang='grc' dir='ltr'>ᾗ</span> 
     </span>
     <span class='ocr_line' id='line_1_28' title="bbox 153 1433 1488 1495; baseline 0.001 -15"><span class='ocrx_word' id='word_1_151' title='bbox 153 1437 285 1492; x_wconf 79' lang='grc' dir='ltr'><em>ἐστίν,</em></span> <span class='ocrx_word' id='word_1_152' title='bbox 311 1438 359 1480; x_wconf 81' lang='grc' dir='ltr'><em>ἐν</em></span> <span class='ocrx_word' id='word_1_153' title='bbox 384 1433 418 1495; x_wconf 70' lang='grc' dir='ltr'><em>ᾧ</em></span> <span class='ocrx_word' id='word_1_154' title='bbox 442 1440 468 1494; x_wconf 89' lang='grc' dir='ltr'><em>ἡ</em></span> <span class='ocrx_word' id='word_1_155' title='bbox 492 1442 612 1481; x_wconf 92' lang='grc' dir='ltr'><em>ΖΕΚ</em></span> <span class='ocrx_word' id='word_1_156' title='bbox 634 1438 875 1490; x_wconf 80' lang='grc' dir='ltr'><em>ἐξαλλάττει</em></span> <span class='ocrx_word' id='word_1_157' title='bbox 894 1440 942 1481; x_wconf 91' lang='grc' dir='ltr'><em>τὸ</em></span> <span class='ocrx_word' id='word_1_158' title='bbox 962 1439 1155 1494; x_wconf 87' lang='grc' dir='ltr'><em>φανερὸν</em></span> <span class='ocrx_word' id='word_1_159' title='bbox 1174 1440 1488 1494; x_wconf 56' lang='grc' dir='ltr'><em>ἡμισφαίριον-’ἱ</em></span> 
     </span>
     <span class='ocr_line' id='line_1_29' title="bbox 153 1501 1488 1560; baseline 0.001 -17"><span class='ocrx_word' id='word_1_160' title='bbox 153 1503 197 1543; x_wconf 79' lang='grc' dir='ltr'><em>αἱ,</em></span> <span class='ocrx_word' id='word_1_161' title='bbox 235 1505 381 1556; x_wconf 91' lang='grc' dir='ltr'><em>ΖΕΚ,</em></span> <span class='ocrx_word' id='word_1_162' title='bbox 415 1506 544 1545; x_wconf 89' lang='grc' dir='ltr'><em>ΕΚΛ</em></span> <span class='ocrx_word' id='word_1_163' title='bbox 582 1504 665 1559; x_wconf 73' lang='grc' dir='ltr'><em>ἄρα</em></span> <span class='ocrx_word' id='word_1_164' title='bbox 702 1503 749 1545; x_wconf 79' lang='grc' dir='ltr'><em>ἐν</em></span> <span class='ocrx_word' id='word_1_165' title='bbox 789 1507 865 1560; x_wconf 80' lang='grc' dir='ltr'><em>ἴσῳ</em></span> <span class='ocrx_word' id='word_1_166' title='bbox 903 1505 1044 1560; x_wconf 87' lang='grc' dir='ltr'><em>χρόνῳ</em></span> <span class='ocrx_word' id='word_1_167' title='bbox 1083 1502 1393 1554; x_wconf 81' lang='grc' dir='ltr'><em>ἑξαλλάσσουσι</em></span> <span class='ocrx_word' id='word_1_168' title='bbox 1427 1501 1488 1557; x_wconf 65' lang='grc' dir='ltr'><em>τὸΔ</em></span> 
     </span>
     <span class='ocr_line' id='line_1_30' title="bbox 154 1567 668 1622; baseline 0.005 -14"><span class='ocrx_word' id='word_1_169' title='bbox 154 1567 347 1621; x_wconf 89' lang='grc' dir='ltr'><em>φανερὸν</em></span> <span class='ocrx_word' id='word_1_170' title='bbox 371 1568 668 1622; x_wconf 87' lang='grc' dir='ltr'><em>ἡμισφαίριον.</em></span> 
     </span>
     <span class='ocr_line' id='line_1_31' title="bbox 212 1629 1476 1687; baseline 0.002 -15"><span class='ocrx_word' id='word_1_171' title='bbox 212 1629 305 1672; x_wconf 86' lang='grc' dir='ltr'><em>ἀλλ’</em></span> <span class='ocrx_word' id='word_1_172' title='bbox 334 1629 442 1673; x_wconf 79' lang='grc' dir='ltr'><em>ἔστω</em></span> <span class='ocrx_word' id='word_1_173' title='bbox 467 1631 493 1685; x_wconf 88' lang='grc' dir='ltr'><em>ἡ</em></span> <span class='ocrx_word' id='word_1_174' title='bbox 519 1635 605 1674; x_wconf 91' lang='grc' dir='ltr'><em>ΕΖ</em></span> <span class='ocrx_word' id='word_1_175' title='bbox 629 1631 880 1687; x_wconf 86' lang='grc' dir='ltr'><em>περιφέρεια</em></span> <span class='ocrx_word' id='word_1_176' title='bbox 905 1630 1100 1674; x_wconf 79' lang='grc' dir='ltr'><em>ἐλάσσων</em></span> <span class='ocrx_word' id='word_1_177' title='bbox 1124 1632 1476 1687; x_wconf 49' lang='grc' dir='ltr'><em>τεταρτημορίου·ῖἸ</em></span> 
     </span>
    </p>
   </div>
   <div class='ocr_carea' id='block_1_8' title="bbox 766 719 1494 1381">
    <p class='ocr_par' dir='ltr' id='par_1_8' title="bbox 766 719 1494 1381">
     <span class='ocr_line' id='line_1_32' title="bbox 766 719 1494 1381; baseline 0 1069"><span class='ocrx_word' id='word_1_178' title='bbox 766 719 1494 1381; x_wconf 95' lang='lat' dir='ltr'><em> </em></span> 
     </span>
    </p>
   </div>
   <div class='ocr_carea' id='block_1_9' title="bbox 84 1694 1477 1752">
    <p class='ocr_par' dir='ltr' id='par_1_9' title="bbox 84 1694 1477 1752">
     <span class='ocr_line' id='line_1_33' title="bbox 84 1694 1477 1752; baseline 0 -16"><span class='ocrx_word' id='word_1_179' title='bbox 84 1707 102 1736; x_wconf 76' lang='lat'><em>:2</em></span> <span class='ocrx_word' id='word_1_180' title='bbox 153 1695 223 1736; x_wconf 81' lang='grc' dir='ltr'><em>καὶ</em></span> <span class='ocrx_word' id='word_1_181' title='bbox 243 1694 268 1748; x_wconf 85' lang='grc' dir='ltr'><em>ἡ</em></span> <span class='ocrx_word' id='word_1_182' title='bbox 289 1697 379 1737; x_wconf 90' lang='grc' dir='ltr'><em>ΕΚ</em></span> <span class='ocrx_word' id='word_1_183' title='bbox 400 1696 482 1751; x_wconf 79' lang='grc' dir='ltr'><em>ἄρα</em></span> <span class='ocrx_word' id='word_1_184' title='bbox 504 1695 697 1738; x_wconf 82' lang='grc' dir='ltr'><em>ἐλάσσων</em></span> <span class='ocrx_word' id='word_1_185' title='bbox 717 1695 806 1738; x_wconf 81' lang='grc' dir='ltr'><em>ἐστὶ</em></span> <span class='ocrx_word' id='word_1_186' title='bbox 824 1697 1118 1751; x_wconf 89' lang='grc' dir='ltr'><em>τεταρμορίου.</em></span> <span class='ocrx_word' id='word_1_187' title='bbox 1149 1698 1312 1738; x_wconf 83' lang='grc' dir='ltr'><em>κείσθω</em></span> <span class='ocrx_word' id='word_1_188' title='bbox 1332 1710 1477 1752; x_wconf 48' lang='grc' dir='ltr'><em>τεταρς</em></span> 
     </span>
    </p>
   </div>
   <div class='ocr_carea' id='block_1_10' title="bbox 152 1750 1478 2199">
    <p class='ocr_par' dir='ltr' id='par_1_10' title="bbox 152 1750 1478 2199">
     <span class='ocr_line' id='line_1_34' title="bbox 152 1750 1477 1815; baseline 0.002 -16"><span class='ocrx_word' id='word_1_189' title='bbox 152 1760 361 1813; x_wconf 84' lang='grc' dir='ltr'><em>τημορίου</em></span> <span class='ocrx_word' id='word_1_190' title='bbox 387 1760 412 1813; x_wconf 89' lang='grc' dir='ltr'><em>ἡ</em></span> <span class='ocrx_word' id='word_1_191' title='bbox 438 1763 536 1801; x_wconf 90' lang='grc' dir='ltr'><em>ΕΜ</em></span> <span class='ocrx_word' id='word_1_192' title='bbox 564 1761 635 1802; x_wconf 80' lang='grc' dir='ltr'><em>καὶ</em></span> <span class='ocrx_word' id='word_1_193' title='bbox 659 1762 821 1802; x_wconf 85' lang='grc' dir='ltr'><em>κείσθω</em></span> <span class='ocrx_word' id='word_1_194' title='bbox 846 1766 896 1815; x_wconf 75' lang='grc' dir='ltr'><em>τῇ</em></span> <span class='ocrx_word' id='word_1_195' title='bbox 921 1762 1024 1801; x_wconf 91' lang='grc' dir='ltr'><em>ΜΚ</em></span> <span class='ocrx_word' id='word_1_196' title='bbox 1053 1764 1121 1814; x_wconf 76' lang='grc' dir='ltr'><em>ἴση</em></span> <span class='ocrx_word' id='word_1_197' title='bbox 1147 1761 1172 1814; x_wconf 91' lang='grc' dir='ltr'><em>ἡ</em></span> <span class='ocrx_word' id='word_1_198' title='bbox 1199 1762 1301 1803; x_wconf 92' lang='grc' dir='ltr'><em>ΚΝ.</em></span> <span class='ocrx_word' id='word_1_199' title='bbox 1351 1750 1477 1815; x_wconf 65' lang='grc' dir='ltr'><em>λοιπῇ</em></span> 
     </span>
     <span class='ocr_line' id='line_1_35' title="bbox 153 1821 1477 1879; baseline 0.002 -16"><span class='ocrx_word' id='word_1_200' title='bbox 153 1823 235 1877; x_wconf 79' lang='grc' dir='ltr'><em>ἄρα</em></span> <span class='ocrx_word' id='word_1_201' title='bbox 259 1822 285 1876; x_wconf 89' lang='grc' dir='ltr'><em>ἡ</em></span> <span class='ocrx_word' id='word_1_202' title='bbox 312 1826 408 1864; x_wconf 91' lang='grc' dir='ltr'><em>ΕΝ</em></span> <span class='ocrx_word' id='word_1_203' title='bbox 434 1827 560 1879; x_wconf 79' lang='grc' dir='ltr'><em>λοιπῇ</em></span> <span class='ocrx_word' id='word_1_204' title='bbox 592 1830 642 1879; x_wconf 75' lang='grc' dir='ltr'><em>τῇ</em></span> <span class='ocrx_word' id='word_1_205' title='bbox 667 1827 760 1866; x_wconf 93' lang='grc' dir='ltr'><em>ΜΛ</em></span> <span class='ocrx_word' id='word_1_206' title='bbox 791 1824 909 1866; x_wconf 82' lang='grc' dir='ltr'><em>ἐστιν</em></span> <span class='ocrx_word' id='word_1_207' title='bbox 933 1823 1016 1878; x_wconf 81' lang='grc' dir='ltr'><em>ἴση.</em></span> <span class='ocrx_word' id='word_1_208' title='bbox 1066 1824 1134 1866; x_wconf 84' lang='grc' dir='ltr'><em>καὶ</em></span> <span class='ocrx_word' id='word_1_209' title='bbox 1160 1825 1186 1878; x_wconf 90' lang='grc' dir='ltr'><em>ἡ</em></span> <span class='ocrx_word' id='word_1_210' title='bbox 1211 1826 1307 1866; x_wconf 93' lang='grc' dir='ltr'><em>ΕΝ</em></span> <span class='ocrx_word' id='word_1_211' title='bbox 1330 1821 1477 1878; x_wconf 58' lang='grc' dir='ltr'><em>ἔγγιοζ</em></span> 
     </span>
     <span class='ocr_line' id='line_1_36' title="bbox 152 1886 1476 1943; baseline 0.002 -16"><span class='ocrx_word' id='word_1_212' title='bbox 152 1893 227 1940; x_wconf 83' lang='grc' dir='ltr'><em>τῆς</em></span> <span class='ocrx_word' id='word_1_213' title='bbox 264 1893 463 1941; x_wconf 78' lang='grc' dir='ltr'><em>συναφῆς</em></span> <span class='ocrx_word' id='word_1_214' title='bbox 499 1894 576 1930; x_wconf 91' lang='grc' dir='ltr'><em>τοῦ</em></span> <span class='ocrx_word' id='word_1_215' title='bbox 613 1893 795 1942; x_wconf 79' lang='grc' dir='ltr'><em>θερινοῦ</em></span> <span class='ocrx_word' id='word_1_216' title='bbox 831 1894 1040 1942; x_wconf 85' lang='grc' dir='ltr'><em>τροπικοῦ</em></span> <span class='ocrx_word' id='word_1_217' title='bbox 1077 1888 1184 1942; x_wconf 80' lang='grc' dir='ltr'><em>ἥπερ</em></span> <span class='ocrx_word' id='word_1_218' title='bbox 1215 1887 1241 1941; x_wconf 90' lang='grc' dir='ltr'><em>ἡ</em></span> <span class='ocrx_word' id='word_1_219' title='bbox 1274 1890 1386 1929; x_wconf 83' lang='grc' dir='ltr'><em>ΜΛ’</em></span> <span class='ocrx_word' id='word_1_220' title='bbox 1430 1886 1476 1943; x_wconf 53' lang='grc' dir='ltr'><em>ἐξ</em></span> 
     </span>
     <span class='ocr_line' id='line_1_37' title="bbox 152 1949 1477 2008; baseline 0.001 -17"><span class='ocrx_word' id='word_1_221' title='bbox 152 1952 320 1992; x_wconf 83' lang='grc' dir='ltr'><em>πλείονι</em></span> <span class='ocrx_word' id='word_1_222' title='bbox 347 1951 430 2005; x_wconf 79' lang='grc' dir='ltr'><em>ἄρα</em></span> <span class='ocrx_word' id='word_1_223' title='bbox 455 1954 596 2008; x_wconf 90' lang='grc' dir='ltr'><em>χρόνῳ</em></span> <span class='ocrx_word' id='word_1_224' title='bbox 621 1952 647 2006; x_wconf 86' lang='grc' dir='ltr'><em>ἡ</em></span> <span class='ocrx_word' id='word_1_225' title='bbox 667 1955 763 1994; x_wconf 91' lang='grc' dir='ltr'><em>ΕΝ</em></span> <span class='ocrx_word' id='word_1_226' title='bbox 783 1953 906 1994; x_wconf 89' lang='grc' dir='ltr'><em>δύνει</em></span> <span class='ocrx_word' id='word_1_227' title='bbox 924 1953 1031 2007; x_wconf 81' lang='grc' dir='ltr'><em>ἥπερ</em></span> <span class='ocrx_word' id='word_1_228' title='bbox 1051 1953 1077 2006; x_wconf 88' lang='grc' dir='ltr'><em>ἡ</em></span> <span class='ocrx_word' id='word_1_229' title='bbox 1096 1954 1189 1995; x_wconf 93' lang='grc' dir='ltr'><em>ΜΛ</em></span> <span class='ocrx_word' id='word_1_230' title='bbox 1215 1951 1351 2007; x_wconf 89' lang='lat' dir='ltr'>[prop.</span> <span class='ocrx_word' id='word_1_231' title='bbox 1365 1949 1477 2007; x_wconf 70' lang='lat' dir='ltr'><strong>XII}</strong></span> 
     </span>
     <span class='ocr_line' id='line_1_38' title="bbox 154 2014 1478 2072; baseline 0.002 -17"><span class='ocrx_word' id='word_1_232' title='bbox 154 2015 225 2056; x_wconf 86' lang='grc' dir='ltr'><em>διὰ</em></span> <span class='ocrx_word' id='word_1_233' title='bbox 251 2015 302 2056; x_wconf 81' lang='grc' dir='ltr'><em>τὰ</em></span> <span class='ocrx_word' id='word_1_234' title='bbox 327 2014 436 2056; x_wconf 81' lang='grc' dir='ltr'><em>αὐτὰ</em></span> <span class='ocrx_word' id='word_1_235' title='bbox 461 2015 514 2069; x_wconf 86' lang='grc' dir='ltr'><em>δὴ</em></span> <span class='ocrx_word' id='word_1_236' title='bbox 539 2014 611 2057; x_wconf 81' lang='grc' dir='ltr'><em>καὶ</em></span> <span class='ocrx_word' id='word_1_237' title='bbox 636 2015 662 2070; x_wconf 91' lang='grc' dir='ltr'><em>ἡ</em></span> <span class='ocrx_word' id='word_1_238' title='bbox 682 2018 779 2058; x_wconf 89' lang='grc' dir='ltr'><em>ΝΚ</em></span> <span class='ocrx_word' id='word_1_239' title='bbox 800 2015 848 2058; x_wconf 82' lang='grc' dir='ltr'><em>ἐν</em></span> <span class='ocrx_word' id='word_1_240' title='bbox 872 2018 1041 2058; x_wconf 84' lang='grc' dir='ltr'><em>πλείονι</em></span> <span class='ocrx_word' id='word_1_241' title='bbox 1066 2017 1208 2072; x_wconf 87' lang='grc' dir='ltr'><em>χρόνῳ</em></span> <span class='ocrx_word' id='word_1_242' title='bbox 1229 2016 1351 2058; x_wconf 87' lang='grc' dir='ltr'><em>δύνει</em></span> <span class='ocrx_word' id='word_1_243' title='bbox 1370 2015 1478 2071; x_wconf 65' lang='grc' dir='ltr'><em>ἤπερ</em></span> 
     </span>
     <span class='ocr_line' id='line_1_39' title="bbox 154 2077 1477 2135; baseline 0.001 -15"><span class='ocrx_word' id='word_1_244' title='bbox 154 2079 180 2132; x_wconf 88' lang='grc' dir='ltr'><em>ἡ</em></span> <span class='ocrx_word' id='word_1_245' title='bbox 199 2081 319 2120; x_wconf 94' lang='grc' dir='ltr'><em>ΚΜ·</em></span> <span class='ocrx_word' id='word_1_246' title='bbox 351 2077 422 2120; x_wconf 83' lang='grc' dir='ltr'><em>καὶ</em></span> <span class='ocrx_word' id='word_1_247' title='bbox 447 2079 474 2133; x_wconf 90' lang='grc' dir='ltr'><em>ἡ</em></span> <span class='ocrx_word' id='word_1_248' title='bbox 493 2082 583 2121; x_wconf 92' lang='grc' dir='ltr'><em>ΕΚ</em></span> <span class='ocrx_word' id='word_1_249' title='bbox 605 2081 688 2135; x_wconf 78' lang='grc' dir='ltr'><em>ἄρα</em></span> <span class='ocrx_word' id='word_1_250' title='bbox 713 2086 787 2134; x_wconf 83' lang='grc' dir='ltr'><em>τῆς</em></span> <span class='ocrx_word' id='word_1_251' title='bbox 806 2082 889 2122; x_wconf 92' lang='grc' dir='ltr'><em>ΚΛ</em></span> <span class='ocrx_word' id='word_1_252' title='bbox 916 2079 963 2121; x_wconf 81' lang='grc' dir='ltr'><em>ἐν</em></span> <span class='ocrx_word' id='word_1_253' title='bbox 986 2080 1155 2121; x_wconf 88' lang='grc' dir='ltr'><em>πλείονι</em></span> <span class='ocrx_word' id='word_1_254' title='bbox 1180 2080 1322 2135; x_wconf 90' lang='grc' dir='ltr'><em>χρόνῳ</em></span> <span class='ocrx_word' id='word_1_255' title='bbox 1342 2078 1477 2121; x_wconf 60' lang='grc' dir='ltr'><em>δύνεις</em></span> 
     </span>
     <span class='ocr_line' id='line_1_40' title="bbox 155 2138 1478 2199; baseline -0.001 -15"><span class='ocrx_word' id='word_1_256' title='bbox 155 2141 202 2184; x_wconf 82' lang='grc' dir='ltr'><em>έν</em></span> <span class='ocrx_word' id='word_1_257' title='bbox 232 2138 266 2199; x_wconf 73' lang='grc' dir='ltr'><em>ᾧ</em></span> <span class='ocrx_word' id='word_1_258' title='bbox 298 2141 346 2184; x_wconf 78' lang='grc' dir='ltr'><em>δὲ</em></span> <span class='ocrx_word' id='word_1_259' title='bbox 377 2145 518 2199; x_wconf 88' lang='grc' dir='ltr'><em>χρόνῳ</em></span> <span class='ocrx_word' id='word_1_260' title='bbox 553 2144 576 2198; x_wconf 84' lang='grc' dir='ltr'><em>ἡ</em></span> <span class='ocrx_word' id='word_1_261' title='bbox 607 2146 697 2185; x_wconf 92' lang='grc' dir='ltr'><em>ΕΚ</em></span> <span class='ocrx_word' id='word_1_262' title='bbox 724 2143 870 2197; x_wconf 83' lang='grc' dir='ltr'><em>δύνει,</em></span> <span class='ocrx_word' id='word_1_263' title='bbox 905 2143 931 2198; x_wconf 87' lang='grc' dir='ltr'><em>ἡ</em></span> <span class='ocrx_word' id='word_1_264' title='bbox 963 2147 1046 2185; x_wconf 91' lang='grc' dir='ltr'><em>ΕΖ</em></span> <span class='ocrx_word' id='word_1_265' title='bbox 1077 2142 1297 2185; x_wconf 84' lang='grc' dir='ltr'><em>ἀνατέλλει</em></span> <span class='ocrx_word' id='word_1_266' title='bbox 1330 2139 1478 2194; x_wconf 68' lang='grc' dir='ltr'>[5011οῌ</span> 
     </span>
    </p>
   </div>
   <div class='ocr_carea' id='block_1_11' title="bbox 153 2199 1477 2274">
    <p class='ocr_par' dir='ltr' id='par_1_11' title="bbox 153 2199 1477 2274">
     <span class='ocr_line' id='line_1_41' title="bbox 153 2199 1477 2274; baseline -0.001 -26"><span class='ocrx_word' id='word_1_267' title='bbox 153 2206 354 2269; x_wconf 45' lang='lat' dir='ltr'><em>9239ss</em></span> <span class='ocrx_word' id='word_1_268' title='bbox 384 2206 433 2248; x_wconf 85' lang='grc' dir='ltr'><em>ἐν</em></span> <span class='ocrx_word' id='word_1_269' title='bbox 457 2209 637 2271; x_wconf 57' lang='grc' dir='ltr'><em>πλείονί</em></span> <span class='ocrx_word' id='word_1_270' title='bbox 646 2209 746 2271; x_wconf 25' lang='grc' dir='ltr'><em>ρἱῂαΠ</em></span> <span class='ocrx_word' id='word_1_271' title='bbox 756 2210 899 2271; x_wconf 59' lang='grc' dir='ltr'><em>χρόνῳ</em></span> <span class='ocrx_word' id='word_1_272' title='bbox 924 2208 950 2262; x_wconf 87' lang='grc' dir='ltr'><em>ἡ</em></span> <span class='ocrx_word' id='word_1_273' title='bbox 970 2211 1053 2249; x_wconf 90' lang='grc' dir='ltr'><em>ΕΖ</em></span> <span class='ocrx_word' id='word_1_274' title='bbox 1077 2206 1298 2249; x_wconf 83' lang='grc' dir='ltr'><em>ἀνατέλλει</em></span> <span class='ocrx_word' id='word_1_275' title='bbox 1321 2207 1428 2260; x_wconf 79' lang='grc' dir='ltr'><em>ἤπερ</em></span> <span class='ocrx_word' id='word_1_276' title='bbox 1450 2199 1477 2274; x_wconf 51' lang='grc' dir='ltr'><em>ᾖ</em></span> 
     </span>
    </p>
   </div>
   <div class='ocr_carea' id='block_1_12' title="bbox 213 2268 1479 2339">
    <p class='ocr_par' dir='ltr' id='par_1_12' title="bbox 213 2268 1479 2339">
     <span class='ocr_line' id='line_1_42' title="bbox 213 2268 1479 2339; baseline -0.002 -23"><span class='ocrx_word' id='word_1_277' title='bbox 213 2283 267 2317; x_wconf 85' lang='grc'><em>30.</em></span> <span class='ocrx_word' id='word_1_278' title='bbox 293 2282 392 2331; x_wconf 86' lang='lat' dir='ltr'><em>NK]</em></span> <span class='ocrx_word' id='word_1_279' title='bbox 411 2284 449 2316; x_wconf 90' lang='lat' dir='ltr'><em>H</em></span> <span class='ocrx_word' id='word_1_280' title='bbox 456 2284 494 2316; x_wconf 93' lang='lat' dir='ltr'><strong><em>N</em></strong></span> <span class='ocrx_word' id='word_1_281' title='bbox 500 2285 536 2318; x_wconf 92' lang='lat' dir='ltr'><strong><em>K</em></strong></span> <span class='ocrx_word' id='word_1_282' title='bbox 559 2281 643 2326; x_wconf 68' lang='lat' dir='ltr'><em>Vat,</em></span> <span class='ocrx_word' id='word_1_283' title='bbox 665 2268 732 2318; x_wconf 57' lang='lat' dir='ltr'><em>{ed</em></span> <span class='ocrx_word' id='word_1_284' title='bbox 757 2284 796 2319; x_wconf 90' lang='lat' dir='ltr'><em>H</em></span> <span class='ocrx_word' id='word_1_285' title='bbox 819 2281 889 2318; x_wconf 78' lang='lat' dir='ltr'><strong>del.</strong></span> <span class='ocrx_word' id='word_1_286' title='bbox 938 2281 1030 2328; x_wconf 78' lang='grc' dir='ltr'><em>ἥπερ</em></span> <span class='ocrx_word' id='word_1_287' title='bbox 1054 2281 1091 2328; x_wconf 87' lang='grc' dir='ltr'><em>ἡ]</em></span> <span class='ocrx_word' id='word_1_288' title='bbox 1116 2281 1155 2316; x_wconf 84' lang='lat' dir='ltr'><em>in</em></span> <span class='ocrx_word' id='word_1_289' title='bbox 1178 2291 1248 2317; x_wconf 77' lang='lat' dir='ltr'><strong>ras.</strong></span> <span class='ocrx_word' id='word_1_290' title='bbox 1274 2292 1321 2317; x_wconf 78' lang='lat' dir='ltr'><em>m.</em></span> <span class='ocrx_word' id='word_1_291' title='bbox 1347 2284 1368 2317; x_wconf 79' lang='lat'><strong>2</strong></span> <span class='ocrx_word' id='word_1_292' title='bbox 1393 2278 1479 2339; x_wconf 66' lang='grc' dir='ltr'><em>Ὺαξ</em></span> 
     </span>
    </p>
   </div>
   <div class='ocr_carea' id='block_1_13' title="bbox 355 2267 604 2271">
    <p class='ocr_par' dir='ltr' id='par_1_13' title="bbox 355 2267 604 2271">
     <span class='ocr_line' id='line_1_43' title="bbox 355 2267 604 2271; baseline 0 0"><span class='ocrx_word' id='word_1_293' title='bbox 355 2267 604 2271; x_wconf 95' lang='lat' dir='ltr'><em> </em></span> 
     </span>
    </p>
   </div>
  </div>
 </body>
</html>
