1494 2450
509 66 851 108 PHAENOMENA
1305 70 1361 116 93

10 171 11 188 ³
36 197 134 226 uam
153 185 199 225 X
217 197 364 226 arcum
393 185 488 225 ΨΧ.
523 197 668 225 verum
695 197 780 238 quo
807 185 999 237 tempore
1019 185 1058 224 P
1079 197 1227 226 arcum
1250 185 1358 226 Psa‘o*

8 247 11 252 ’
81 249 226 304 currit,
251 263 301 291 eo
328 251 410 290 PT
429 249 709 304 conspicuum
734 247 1100 303 hemisphaerium
1126 251 1360 304 permutat3

8 313 10 326 ¹
38 329 92 357 uo
132 317 272 357 autem
306 316 352 356 X
383 328 526 356 arcum
560 315 658 355 ΧΨ
692 314 915 369 percurrit,
956 315 1051 356 ΦΧ
1083 314 1360 370 conspicuum

36 379 366 436 emisphaerium
386 382 614 436 permutat.
648 394 749 436 ergo
770 379 930 421 maiore
950 381 1150 434 tempore·
1169 382 1242 421 TP
1263 394 1361 422 con-

56 446 198 489 icuum
224 445 589 500 hemisphaerium
614 447 829 500 permutat
856 459 983 500 quam
1015 447 1108 487 ΦΧ.

6 507 7 537 ³
64 511 210 553 eodem
237 511 365 553 modo
383 526 438 554 ne
458 510 503 552 in
522 511 656 553 altero
678 510 852 566 quidem
872 510 1141 553 semicirculo
1162 511 1360 567 aequales

5 590 126 620 arcus
158 576 324 632 aequali
356 579 549 632 tempore
577 577 855 632 conspicuum
881 575 1243 631 hemisphaerium
1269 592 1361 633 per-

0 645 190 702 mutant,
227 642 302 684 sed
335 642 495 685 maiore
534 656 702 697 semper
741 642 796 697 is,
836 642 911 698 qui
950 643 1166 684 contactui
1205 643 1361 698 tropici

0 703 154 754 &aestivi
185 707 364 763 propior
395 709 472 762 est,
505 722 631 763 quam
666 708 715 762 is,
747 707 821 762 qui
853 708 1059 750 remotior
1085 711 1162 765 est,
1193 708 1360 763 aequali

0 775 148 815 mutem
172 774 215 828 ii,
241 773 316 828 qui
341 773 393 815 ab
420 774 584 815 utrovis
613 776 812 815 contactu
839 773 1007 828 aequali
1027 774 1167 829 spatio
1189 774 1359 817 distant.

65 839 121 881 sit
146 840 190 881 in
215 838 375 881 mundo
401 839 579 881 horizon
605 841 751 894 ΑΒΓ,
784 839 972 882 aestivus
999 842 1143 881 autem
1168 840 1360 896 tropicus

2 906 140 958 ÷AEZ‚
171 904 369 946 zodiacus
396 907 538 947 autem
564 905 751 947 circulus
777 905 1037 961 positionem
1062 905 1218 948 habeat
1243 907 1362 948 velut

0 1070 2 1073 »
65 1049 199 1088 eodem
230 1051 345 1089 modo
380 1053 500 1090 etiam
531 1053 574 1090 in
606 1053 731 1091 altero
757 1053 1006 1091 semicirculo
1032 1064 1147 1091 arcus
1175 1054 1360 1105 aequales

0 1109 278 1159 *inaequalibus
321 1111 566 1160 temporibus
604 1113 859 1162 conspicuum
899 1112 1235 1162 hemisphaerium
1273 1127 1359 1163 per-

8 1171 165 1209 mutant
196 1182 242 1209 ae
272 1172 422 1209 maiore
455 1171 616 1222 quidem
643 1173 690 1221 is,
724 1174 796 1222 qui
821 1173 1024 1211 contactui
1048 1173 1193 1211 aestivi
1216 1173 1362 1223 tropici

858 1233 1023 1282 propior
1060 1234 1120 1271 est
1154 1245 1276 1282 quam
1314 1235 1359 1282 is,

858 1293 928 1340 qui
959 1294 1150 1331 remotior
1184 1294 1254 1342 est,
1294 1306 1359 1331 ae—

857 1352 969 1400 quali
1006 1353 1161 1403 autem,
1201 1354 1273 1403 qui
1310 1353 1359 1390 ab

856 1412 1009 1450 aestivo
1023 1412 1178 1462 tropico
1192 1414 1235 1450 in
1248 1415 1359 1451 utro-

856 1483 931 1520 que
941 1472 1189 1510 semicirculo
1198 1473 1357 1523 aequali

856 1532 986 1580 spatio
1017 1531 1179 1571 distant.

914 1592 966 1629 sit
999 1592 1170 1630 circulus
1196 1592 1359 1631 horizon

855 1651 1010 1700 ΑΒΓΔ,
1019 1651 1214 1690 maximus
1224 1654 1358 1690 autem

854 1709 1106 1760 circulorum,
1123 1712 1192 1761 qui
1205 1723 1360 1762 semper

780 1798 824 1831 M
855 1770 1057 1819 conspicui
1102 1772 1217 1820 sunt,
1262 1774 1359 1821 EZ,

855 1830 1032 1878 tropicus
1045 1831 1220 1869 aestivus
1229 1832 1358 1877 ΒΗΑ,

856 1890 896 1926 et
909 1889 1081 1928 circulus
1092 1889 1275 1929 zodiacus
1287 1904 1359 1940 po-

857 1948 1043 1987 sitionem
1063 1949 1209 1989 habeat
1228 1952 1359 2000 ΓΗΔ;

11 1995 107 2048 dico,
130 2013 179 2038 ne
198 2002 239 2038 in
260 2001 385 2040 altero
412 2003 571 2052 quidem
597 2006 844 2044 semicirculo
870 2008 920 2045 ad
947 2010 1001 2059 H,
1028 2011 1066 2047 Γ
1086 2011 1219 2060 partes
1246 2023 1359 2050 arcus

12 2059 191 2107 aequales
218 2061 449 2110 aequalibus
472 2064 717 2113 temporibus
742 2066 1076 2117 hemisphaerium
1103 2071 1358 2120 conspicuum

11 2120 243 2169 permutare,
274 2121 342 2158 sed
371 2123 521 2161 maiore
553 2136 654 2173 eum,
690 2127 760 2175 qui
789 2128 953 2176 propior
983 2130 1185 2168 contactui
1216 2130 1361 2168 aestivi

11 2175 151 2227 tropici
164 2180 228 2228 sit,
248 2192 368 2229 quam
383 2193 484 2231 eum,
504 2184 574 2233 qui
586 2186 776 2223 remotior
788 2185 850 2234 sit,
872 2189 1032 2237 aequali
1045 2190 1176 2227 autem
1192 2202 1271 2239 eos,
1291 2191 1360 2239 qui

14 2233 60 2274 ab
73 2237 222 2277 aestivo
237 2240 390 2290 tropico
400 2241 442 2278 in
451 2243 622 2292 utroque
633 2245 878 2284 semicirculo
889 2247 1048 2296 aequali
1059 2249 1188 2297 spatio
1200 2249 1358 2288 distent.

68 2294 311 2336 describatur
330 2301 499 2339 circulus
512 2302 728 2352 parallelus
744 2306 780 2342 A
785 2304 828 2343 Θ.
854 2306 991 2356 itaque
1005 2308 1092 2345 KH
1106 2309 1285 2358 aequalis
1300 2311 1360 2347 est

15 2355 118 2393 sroui
144 2358 222 2395 HA
247 2353 523 2411 (Theodos.II,
541 2357 625 2414 13).
672 2355 885 2402 'moveatur
916 2366 1084 2405 circulus
1111 2367 1293 2407 zodiacus
1321 2371 1359 2406 et
