1494 2450
86 446 105 477 5

12 767 107 817 Ἰ10

67 1087 108 1119 15

69 1409 113 1441 20

69 1730 112 1761 25

131 180 337 220 διατόνου
370 179 430 227 εἰς
461 183 608 231 χρῶμα
638 176 664 231 ἢ
697 176 929 231 ἁρμονίαν,
961 176 986 230 ἢ
1012 174 1057 218 ἐκ
1082 177 1301 232 χρώματος
1323 175 1350 230 ’ἢ
1374 177 1491 232 ἀρε-ῤ’

130 244 284 298 μονίας
326 246 387 292 εἴς
428 257 470 283 τι
511 249 599 283 τῶν
641 244 805 283 λοιπῶν
846 241 1059 294 μεταβολὴ
1103 239 1287 294 γένηται.
1344 236 1474 283 uon-’ck'v

132 308 361 360 σύστημα
387 305 449 359 δέ,
475 306 579 347 ὅταν
600 305 645 347 ἐκ
665 311 860 359 συναφῆς
879 306 939 353 εἰς
960 303 1175 355 διάζευξιν
1193 303 1218 357 ἢ
1238 303 1448 347 ἀνάπαλιν
1470 338 1471 341 ¹

130 372 344 425 μεταβολὴ
369 370 556 424 γένηται.
599 370 705 411 κατὰ
730 370 883 410 τόνον
908 367 970 422 δέ,
996 369 1100 410 ὅταν
1125 367 1171 410 ἐκ
1197 369 1367 422 δωρίων
1390 370 1450 419 εἰς

132 436 312 490 φρύγια,
348 434 374 488 ’ἢ
412 433 458 476 ἐκ
496 436 696 488 φρυγίων
733 434 794 482 εἰς
831 433 959 474 λύδια
995 432 1021 486 ἢ
1059 430 1448 487 ὑπερμιξολύδιαῆ
1488 459 1491 463 -

131 500 371 554 ὑποδώρια,
395 498 421 552 ἢ
448 499 641 540 καθόλου
669 497 773 539 ὅταν
797 495 846 538 ἔκ
869 512 987 546 τινος
1012 503 1100 538 τῶν
1125 497 1360 549 δεκατριῶν
1383 491 1453 539 τόὲ

130 580 222 606 νων
253 567 314 612 εἴς
345 578 442 604 τινα
472 569 560 603 τῶν
592 564 755 603 λοιπῶν
788 561 1001 615 μεταβολὴ
1026 559 1210 614 γένηται.
1259 562 1456 614 γίνονται

133 626 180 670 δὲ
212 625 443 682 μεταβολαὶ
471 626 553 667 ἀπὸ
580 632 654 678 τῆς
677 626 949 680 ἡμιτονιαιάς
974 623 1205 678 ἀρξάμεναι
1229 624 1352 679 μέχρι
1375 630 1450 666 τοῦ

133 692 206 734 διὰ
230 698 401 744 πασῶν,
433 687 494 732 ὧν
519 690 567 731 αἱ
587 690 667 744 μὲν
691 689 797 731 κατὰ
823 689 1036 743 σύμφωνα
1060 691 1255 741 γίνονται
1282 689 1451 743 διαστή-

132 772 256 809 ματα,
283 756 331 797 αἱ
354 755 402 796 δὲ
426 755 532 796 κατὰ
552 754 769 807 διάφωνα.
812 754 979 795 τούτων
1010 750 1046 794 δ’
1079 753 1270 806 ἐμμελεῖς
1301 752 1380 804 μὲν
1410 752 1457 794 αἲ

132 835 177 861 τε
208 820 314 861 κατὰ
346 819 561 873 σύμφωνα
592 819 799 871 γινόμενα
830 818 1094 871 διαστήματα
1124 815 1195 858 καὶ
1226 816 1251 870 ἡ
1276 817 1454 858 τονιαία.

133 892 222 925 τῶν
247 881 295 925 δὲ
320 886 485 924 λοιπῶν
510 882 558 923 αἱ
579 879 658 934 μὲν
683 878 818 924 ἆσσον
844 880 1035 935 ἐμμελεῖς
1058 877 1188 934 ἧττον
1212 879 1238 934 ἢ
1259 878 1456 935 ἐκμελεῖς,

134 949 182 990 αἱ
207 946 252 990 δὲ
278 951 444 1000 μᾶλλον
463 945 725 1001 <ἀπέχουσαι
745 946 948 1000 μᾶλλον).
980 944 1028 987 ἐν
1047 946 1166 994 ὅσαις
1185 942 1264 998 μὲν
1283 941 1364 986 οὗν
1382 943 1456 986 αὐ-

133 1020 221 1054 τῶν
230 1014 392 1053 πλείων
406 1011 430 1065 -ἡ
446 1011 666 1064 κοινωνία,
687 1009 986 1065 ἐμμελέστεραί
1001 1009 1182 1063 <εἰσιν>,
1203 1007 1248 1051 ἐν
1269 1009 1390 1058 ὅσαις
1409 1006 1455 1050 δὲ

136 1077 336 1130 ἐλάττων,
374 1074 684 1128 ἐκμελέστεραι·
734 1073 881 1128 ἐπειδὴ
918 1074 1154 1127 ἀναγκαῖον
1191 1073 1304 1128 πάσῃ
1335 1087 1456 1125 μετα-

135 1143 242 1196 βολῇ
274 1142 434 1185 κοινόν,
456 1155 497 1181 τι
528 1138 738 1192 ὑπάρχειν
763 1137 789 1192 ἢ
816 1140 1018 1193 φθόγγον
1043 1137 1069 1191 ἢ
1096 1138 1306 1191 διάστημα
1331 1136 1357 1191 ’ἢ
1383 1136 1456 1178 σύ-

137 1217 285 1259 στημα.
318 1204 579 1258 λαμβάνεται
606 1200 653 1244 δὲ
678 1203 703 1256 ἡ
722 1204 929 1244 κοινωνία
948 1201 1050 1244 καθ’
1067 1202 1298 1256 ὁμοιότητα
1317 1202 1458 1254 φθόγ-

135 1282 242 1323 γων·
286 1269 390 1311 ὅταν
415 1269 496 1323 γὰρ
523 1265 588 1309 ἐπ’
618 1266 832 1320 ἀλλήλους
856 1265 904 1308 ἐν
929 1274 1021 1315 ταῖς
1044 1267 1300 1319 μεταβολαῖς
1323 1264 1457 1306 πέσω-

137 1345 209 1375 σιν
252 1333 394 1385 ὅμοιοι
437 1333 632 1386 φθόγγοι
675 1331 780 1372 κατὰ
823 1331 902 1384 τὴν
944 1337 1021 1371 τοῦ
1058 1335 1227 1372 πυκνοῦ
1264 1330 1458 1383 μετοχήν,

140 1397 320 1453 ἐμμελὴς
345 1399 510 1451 γίνεται
535 1395 560 1449 ἡ
586 1396 812 1449 μεταβολή,
837 1395 940 1436 ὅταν
966 1392 1012 1436 δὲ
1039 1394 1248 1448 ἀνόμοιοι,
1275 1392 1457 1447 ε’κμελής.
1485 1390 1487 1392 μ

194 1462 301 1504 κατὰ
345 1458 392 1503 δὲ
427 1461 762 1513 μελοποιίαν
797 1461 962 1513 γίνεται
997 1458 1233 1512 μεταβολή,
1276 1457 1379 1498 ὅταν
1415 1455 1459 1497 ἐκ

138 1527 442 1568 διασταλτικοῦ
474 1526 613 1578 ἤθους
644 1525 705 1573 εἰς
736 1523 1021 1565 συσταλτικ-ὸν
1052 1521 1078 1575 ’ἢ
1103 1522 1403 1576 ἡσυχαστικόν,
1433 1518 1458 1574 ἢ

138 1589 180 1640 ἐξ
205 1591 496 1645 ἡσυχαστικοῦ
528 1588 589 1637 εἵς
619 1603 661 1629 τι
685 1594 773 1628 τῶν
799 1590 962 1629 λοιπῶν
987 1586 1012 1640 ἡ
1037 1586 1250 1640 μεταβολὴ
1275 1584 1459 1639 γένηται.

138 1657 228 1697 ἔστι
260 1652 308 1696 δὲ
339 1652 643 1695 διασταλτικὸν
673 1649 753 1704 μὲν
782 1648 892 1705 ἦθος
917 1652 1180 1704 μελοποιίας,
1214 1648 1272 1691 δι’
1302 1645 1354 1690 οὗ
1388 1660 1460 1702 ση-

138 1721 335 1773 μαίνεται
359 1715 702 1770 μεγαλοπρέπεια
726 1715 797 1756 καὶ
817 1714 975 1769 δίαρμα
994 1719 1134 1769 ψυχῆς
1153 1713 1373 1768 ἀνδρῶδες
1390 1710 1461 1754 καὶ

137 1781 311 1838 πράξεις
335 1780 516 1836 ἡρωϊκαὶ
533 1779 605 1822 καὶ
625 1780 745 1833 πάθη
765 1780 935 1828 τούτοις
955 1779 1100 1820 οἰκεῖα.
1132 1783 1283 1833 χρῆται
1302 1774 1348 1818 δὲ
1368 1776 1462 1818 τού-

138 1863 228 1896 τοις
259 1846 444 1901 μάλιστα
474 1842 555 1898 μὲν
585 1844 610 1898 ἡ
642 1844 862 1900 τραγῳδία
893 1841 964 1884 καὶ
995 1849 1082 1883 τῶν
1114 1845 1278 1883 λοιπῶν
1309 1838 1357 1882 δὲ
1383 1840 1462 1882 ὅσα

139 1912 296 1954 τούτου
328 1911 466 1964 ἔχεται
497 1914 574 1950 τοῦ
601 1914 877 1963 χαρακτῆρος.
918 1906 1202 1948 συσταλτικὸν
1227 1904 1291 1959 δέ,
1323 1901 1377 1946 δι’
1409 1899 1461 1945 οὗ

139 1975 372 2029 συνάγεται
403 1974 428 2027 ἡ
460 1973 576 2027 ψυχὴ
610 1973 670 2021 εἰς
701 1972 983 2024 ταπεινότητα
1015 1968 1083 2011 καὶ
1118 1969 1339 2022 ἄνανδρον
1371 1965 1462 2009 διά-

130 71 216 113 220
520 72 769 106 ΕΙΣΑΓΩΓΗ
791 71 1060 105 APMONIKH

198 2082 230 2113 8.
255 2075 502 2123 ἡμιτονιαίας]
526 2076 618 2119 Jan.‚
643 2074 831 2120 ἡμιτονίας
856 2074 961 2108 codd.
1010 2072 1222 2117 ἀρξάμεναι]
1247 2071 1282 2106 N
1288 2071 1327 2113 Β,
1353 2068 1463 2113 ἀρξά-

140 2139 247 2170 μενος
272 2125 415 2159 videtur
437 2124 502 2167 M¹‚
534 2121 739 2167 ἀρξαμένης
762 2120 881 2155 M²W.
1002 2123 1055 2154 10.
1085 2118 1223 2153 τούτων
1248 2115 1284 2153 δ’
1306 2119 1464 2162 ἐμμελεῖς

140 2171 220 2218 μέν]
246 2171 304 2211 W,
340 2170 479 2205 τούτων
505 2168 539 2204 δ’
563 2169 602 2204 αἱ
627 2167 693 2214 μὲν
724 2170 801 2212 ἐμμ.
826 2167 890 2209 M‘,
923 2166 1062 2201 τούτων
1088 2165 1246 2210 ἐμμελεῖς
1269 2163 1335 2209 μὲν
1360 2162 1382 2207 ἢ
1409 2163 1463 2198 ἐκ·

141 2221 256 2263 μελεϊς
273 2217 338 2260 M¹‚
364 2217 427 2261 qui
453 2218 550 2252 οτι-ελ,
573 2216 619 2250 ad
645 2215 707 2249 lin.
733 2219 782 2249 12.
880 2217 934 2248 12.
961 2210 1073 2247 ἆσσον
1098 2232 1140 2237 -
1167 2210 1201 2256 ἥ]
1230 2208 1340 2254 ἧσσον
1359 2209 1416 2245 W.

141 2263 265 2311 ἧττον]
285 2275 355 2298 om.
374 2264 438 2298 M1.
501 2266 554 2297 13.
581 2260 781 2307 ἀπέχουσαι
800 2262 946 2305 μᾶλλον]
967 2259 1050 2294 add.
1069 2258 1149 2301 ¹Ian,
1174 2256 1318 2301 πλείων]
1338 2259 1463 2291 πλεῖον

142 2312 221 2347 M¹?
295 2315 348 2345 14.
374 2311 414 2346 ἐν
439 2330 484 2335 -
511 2313 564 2344 15.
591 2307 852 2354 ἐκμελέστεραι]
879 2306 965 2350 ΝΒ,
990 2317 1059 2341 om.
1078 2304 1196 2339 M¹W.
1266 2306 1318 2339 16.
1344 2301 1463 2348 φθόγ-
