1494 2450
379 49 583 86 SCHOLIA
608 49 660 84 IN
686 49 1026 85 PHAENOMENA
1291 50 1372 92 151

24 159 329 216 ἡμισφαίριον,
348 157 397 201 ἐν
415 162 476 217 τῷ
495 158 654 217 αὐτῷὴ
675 158 800 214 ἑτέρα
814 159 862 202 τὸ
876 156 1044 213 ἀφανὲς
1056 157 1129 201 καὶ
1143 157 1375 201 ἀνάπαλιν.

23 226 102 268 διὰ
126 225 179 279 δὴ
203 230 339 267 ταῦτα
365 223 413 266 ἐν
438 218 474 281 ᾦ
499 226 643 282 χρόνῳ
669 224 695 279 ἡ
720 227 810 267 ΖΗ
828 222 1080 275 ἐξαλλάσσει
1106 224 1155 267 τὸ
1178 225 1376 280 φανερὸν

9 290 327 350 ἡμισφαίριον,
359 289 408 331 ἐν
438 290 578 347 τούτῳ
610 290 636 344 ἡ
664 292 709 332 Κ
716 293 754 332 Θ
777 290 827 332 τὸ
854 289 1020 344 ἀφανὲς
1045 288 1119 332 καὶ
1144 288 1375 332 ἀνάπαλιν.

490 383 565 427 Ad
590 400 729 441 prop.
749 384 907 427 XVHI.

89 462 181 504 118.
214 462 420 518 Σχόλιον.
452 461 617 505 εἰδέναι
637 464 734 518 χρή,
755 462 837 516 ὅτι,
857 462 913 518 ἢν
932 463 1202 518 βουλώμεθα
1223 461 1377 516 δεῖξαι,

31 526 78 572 ἐν
98 529 268 570 πλείονι
293 529 438 585 χρόνῳ
463 526 748 579 ἐξαλλάσσειν
773 529 821 571 τὸ
848 529 1047 583 φανερὸν
1071 529 1377 585 ἡμισφαίριον,

15 593 95 640 ,δεῖ
127 592 364 648 φυλάττειν
398 591 622 649 ἀκίνητον,
656 593 856 636 τουτέστι
890 595 948 649 μὴ
984 594 1124 649 αὐτὴν
1157 595 1238 649 τὴν
1269 594 1379 636 κατὰ

30 658 259 714 διάμετρον
291 658 552 714 λαμβάνειν,
584 658 694 702 ἀλλὰ
727 659 819 714 ετῆς
855 659 1088 715 τυχούσης’
1122 658 1268 714 λέγειν
1298 660 1378 715 τὴν

30 724 133 766 κατὰ
158 724 416 780 διάμετρον·
460 724 570 780 αὐτὴ
597 726 680 781 γὰρ
707 725 733 780 ἡ
759 726 867 768 κατὰ
894 726 1132 781 διάμετρον
1158 726 1377 780 λαμβανο-

29 788 133 845 μένη
159 788 369 845 ἐγγυτέρα
395 790 641 845 εὑρίσκεται
667 797 746 833 τοῦ
773 796 1039 846 χειμερινοῦ,
1065 791 1091 845 ἡ
1119 788 1166 833 δὲ
1192 793 1378 846 μείνασα

30 853 229 910 ἀκίνητος
254 853 467 911 ἐγγυτέρα
492 861 571 898 τοῦ
597 860 796 912 θερινοῦ.

324 948 399 992 Ad
425 965 564 1006 prop.
584 949 670 993 XII
696 951 967 994 demonstr.
994 953 1078 994 alt.

89 1028 182 1071 119.
215 1028 258 1070 P.
283 1027 458 1084 120‚14]
485 1029 595 1071 ὥστε
620 1026 733 1084 ἔχεις
758 1029 840 1083 τὴν
863 1030 1043 1085 πρώτην
1068 1031 1285 1083 πρότασιν
1308 1030 1378 1071 δε-

30 1089 269 1149 δειγμένην.

89 1158 183 1201 120.
208 1159 296 1201 Καὶ
309 1158 405 1202 ἐπεί
417 1175 457 1214 p.
475 1159 649 1215 120‚18]
670 1163 977 1214 μετατεθεῑσαι
992 1160 1076 1217 γάρ
1093 1161 1207 1203 εἰσιν
1220 1161 1265 1203 αἱ
1281 1163 1378 1216 ΛΚ,

31 1225 75 1267 K
81 1227 135 1278 Θ,
161 1226 322 1275 αἳτινες
346 1222 460 1280 ἦσαν
488 1229 595 1268 ἴσαι·
629 1226 674 1268 αἱ
701 1229 792 1279 ςΕ,
811 1228 883 1268 Ελ
910 1226 984 1268 διὰ
1009 1232 1140 1269 τοῦτο
1167 1222 1252 1269 οὖν
1276 1231 1378 1268 ἴσαι.

89 1289 183 1332 121.
215 1291 419 1346 Σχόλιον.
446 1289 513 1333 ὅτι
530 1288 579 1333 δὲ
593 1291 638 1333 αἱ
655 1295 753 1334 ἴσον
767 1290 1009 1347 ἀπέχουσαι
1023 1298 1103 1335 τοῦ
1119 1293 1378 1347 ἰσημερινοῦ

0 1371 1 1409 5
31 1351 78 1398 ἐν
92 1358 168 1412 ἴσῳ
183 1357 327 1413 χρόνῳ
340 1354 412 1398 καὶ
424 1355 730 1410 ἀνατέλλουσι,
745 1356 966 1399 δέδεικται
977 1354 1059 1412 μὲν
1069 1357 1119 1399 ἐν
1128 1363 1180 1414 τῇ
1191 1358 1300 1414 ἄλλῃ
1313 1357 1378 1400 ἐκ-

0 1419 5 1462 ὲ
31 1419 149 1464 δόσει
159 1426 238 1463 τοῦ
251 1422 535 1476 θεωρήματος
545 1420 594 1464 ἐν
604 1428 655 1477 τῇ
667 1423 752 1477 πρὸ
764 1423 924 1478 ταύτης
934 1429 1193 1479 καταγραφῇ
1203 1437 1211 1443 ·
1231 1422 1377 1478 ἡαύτὴ

0 1506 4 1527 ε
31 1484 82 1528 δέ
97 1485 214 1528 ἐστιν
232 1486 258 1541 ἡ
280 1486 328 1529 ἐν
346 1487 487 1544 τούτῳ
502 1486 636 1539 δεῖξις
649 1488 675 1543 ἡ
689 1488 788 1543 περὶ
802 1494 881 1531 τοῦ
896 1487 945 1530 ἐν
960 1492 1039 1546 ἴσῳ
1053 1490 1198 1546 χρόνῳ
1213 1489 1380 1544 δύνειν,

0 1559 3 1595 f
30 1551 104 1601 τὰς
116 1565 202 1607 παρ
215 1550 418 1610 ’ἑκατέρῳ
432 1558 512 1595 τοῦ
525 1555 783 1608 ἰσημερινοῦ
794 1560 873 1596 τοῦ
885 1552 935 1597 ἐν
946 1558 1026 1611 ἴσῳ
1037 1554 1293 1597 ἀνατέλλειν
1303 1554 1378 1597 afi-

30 1614 115 1670 τάς.
128 1615 205 1659 ἐὰν
214 1617 296 1672 γὰρ
308 1617 670 1674 μεταστρέψωμεν
680 1619 760 1661 τὸν
771 1619 985 1677 ζῳδιακὸν
991 1619 1323 1676 καὶποιήσωμεν
1330 1620 1378 1662 τὸ

32 1683 115 1725 ΑΓ
117 1682 201 1725 ὑπὸ
212 1689 308 1738 γῆν,
316 1681 469 1739 ὡςὲχει
480 1684 505 1739 ἡ
516 1684 824 1740 καταγραφή,ἡ
837 1685 946 1740 αὐτὴ
958 1683 1178 1736 ἀπόδειξις
1186 1684 1378 1741 ἁρμόσει.

90 1747 185 1790 122.
217 1747 286 1790 Ad
310 1749 438 1791 finem
465 1764 586 1804 prop.
619 1755 695 1804 τῆς
727 1751 810 1806 γὰρ
843 1750 979 1805 αὐτῆς
1009 1750 1228 1805 μενούσης
1253 1766 1379 1792 κατα-

31 1819 200 1872 Δγραφῆς
232 1813 309 1855 ἐὰν
339 1813 704 1870 μεταστρέψωμεν
734 1815 813 1858 τὸν
846 1815 1059 1873 ζῳδιακὸν
1091 1815 1162 1858 καὶ
1188 1817 1378 1870 ποιήσω-

31 1883 109 1933 μεν
133 1893 180 1921 το
208 1881 250 1921 Α
259 1879 302 1920 Γ
326 1879 588 1934 ἡμικύκλιον
619 1887 697 1923 τοῦ
730 1881 945 1938 ζῳδιακοῦ
971 1880 1056 1924 ὑπὸ
1085 1888 1183 1937 γῆν,
1215 1881 1241 1936 ἡ
1268 1882 1378 1937 αὐτὴ

32 1940 250 1995 ἀπόδειξις
286 1946 555 2000 στροβήσεται
595 1944 668 1988 καὶ
707 1947 1019 2002 δειχθήσονται
1059 1947 1105 1989 αἱ
1143 1946 1245 1989 ἴσον
1276 1946 1378 1989 ἀπέ-

32 2019 184 2064 χουσαι
209 2015 289 2051 τοῦ
316 2010 574 2099 ἰσημιερινοῦ
599 2009 649 2053 ἐν
676 2015 754 2069 ἴσῳ
781 2013 924 2069 χρόνῳ
950 2011 1022 2054 καὶ
1049 2011 1378 2055 ἀνατέλλουσαι.

90 2081 167 2114 118.
193 2079 282 2146 Vlat¹
289 2079 382 2114 AM⁸
389 2092 414 2125 p
422 2079 529 2124 ¹.qu
570 2084 647 2116 119.
668 2081 789 2127 Vat²p
810 2110 817 2117 .
859 2085 937 2117 120.
958 2081 1149 2127 Vat1Dp2.
1190 2086 1268 2118 121.
1289 2082 1380 2118 Vat¹

32 2122 183 2161 GD2M²
188 2138 212 2172 p
219 2126 302 2171 ¹.qx
354 2131 432 2163 122.
458 2128 531 2163 Vat
555 2129 691 2173 (textui
715 2141 762 2164 m.
765 2094 860 2165 p.rec
887 2129 1074 2175 interpos.
1102 2141 1173 2165 om.
1199 2131 1312 2176 cett).

34 2188 50 2226 ζ.
90 2188 121 2220 3.
148 2186 245 2245 ΚΘ]
263 2189 342 2223 ΗΘ
367 2187 427 2231 M,
457 2188 536 2223 ΘΗ
558 2200 586 2224 s.
666 2192 698 2224 ὃ.
725 2188 887 2236 σχόλιον]
914 2200 984 2225 om.
1010 2190 1091 2234 Mp.
1141 2189 1210 2235 χρὴ
1237 2189 1380 2226 εἰδέναι

31 2227 131 2268 Max.
165 2232 228 2292 ἥν]
255 2234 288 2269 εἰ
312 2245 403 2279 q.sx
489 2239 521 2271 8.
548 2235 608 2281 λέγ
611 2236 682 2283 ειν]
668 2235 768 2283 ]λέγ
771 2250 803 2272 ει
828 2241 998 2273 s.11.
1025 2237 1087 2283 ἐγγ
1090 2236 1222 2281 υτέρου
1248 2249 1312 2282 qx.

33 2281 88 2318 Η.
113 2291 133 2315 σ
133 2279 271 2328 χόλιον]
297 2293 367 2318 om.
395 2282 431 2318 C.
461 2282 517 2318 οτι
559 2283 629 2319 εἰσί
653 2295 688 2328 q.
787 2287 843 2320 20.
870 2285 995 2332 δεῖξις]
1022 2284 1213 2330 ἀπόδειξις
1239 2284 1379 2331 chx.

31 2326 88 2366 ⁷³8.
111 2328 205 2365 Ante
230 2282 271 2376 ἡ]
277 2329 363 2367 add.
389 2343 482 2378 αντη
519 2331 648 2379 qu.

1406 801 1449 833 10

1406 1172 1449 1203 15

1405 1499 1451 1531 20

1405 1827 1449 1858 25
