1494 2450
530 87 590 122 PH
596 88 696 123 AEN
698 87 870 123 OMENA
1296 89 1379 132 103

23 188 25 193 ’
87 212 185 239 nam
211 197 266 239 sit
292 197 584 239 semicirculus
613 199 753 240 ΑΕΓ
778 198 857 240 sub
884 201 1014 251 terra,
1048 201 1089 241 et
1116 201 1203 241 sint
1230 200 1379 241 circuli

23 253 231 319 paralleli,
256 277 333 317 per
358 276 464 317 quos
490 265 650 317 puncta
674 266 724 318 E,
754 266 790 305 Z
814 264 1022 316 feruntur,
1053 267 1150 306 EH
1154 267 1210 319 B,
1240 267 1379 306 ΖΘΔ.

23 328 78 371 'et
101 330 300 383 quoniam
327 342 399 370 eae
426 327 575 370 circuli
600 327 764 372 zodiaci
796 331 963 384 stellae,
1001 343 1108 385 quae
1139 332 1261 372 iuxta
1292 329 1379 371 dia-

31 395 211 436 metrum
244 393 466 449 oppositae
498 396 616 445 sunt,
648 395 878 451 coniugate
910 397 952 437 et
978 398 1178 437 oriuntur
1203 397 1245 437 et
1272 395 1381 437 occi-

22 459 136 502 dunt
166 457 420 516 (prop.VI),
454 461 614 514 puncto
646 462 688 501 E
718 459 937 503 occidente
968 460 1013 502 in
1039 463 1077 503 B
1108 463 1317 516 punctum
1347 464 1381 503 Z

33 524 149 567 iuxta
173 524 425 566 diametrum
452 525 491 566 ei
517 524 766 580 oppositum
791 525 835 567 in
862 530 906 568 A
932 526 1079 568 oritur.
1124 526 1269 582 itaque
1295 541 1380 582 quo

33 592 219 645 tempore
244 593 296 644 E,
321 592 552 645 postquam
578 605 725 634 arcum
746 594 870 633 EHB
896 591 1121 648 percurrit,
1147 591 1200 634 ad
1226 595 1262 634 B
1289 606 1381 647 per-

21 655 165 711 tenit,
201 670 249 698 eo
286 658 339 710 Z,
377 658 604 710 postquam
647 671 791 699 arcum
826 659 954 699 ΖΘΔ
990 658 1220 712 percurrit,
1258 658 1311 700 ad
1338 661 1382 700 A

33 721 229 777 pervenit.
262 735 409 763 verum
435 723 618 777 tempus,
645 736 729 777 quo
755 726 807 778 E,
833 725 1062 778 postquam
1090 738 1236 765 arcum
1256 726 1381 766 EHB

33 788 253 842 percurrit,
284 786 336 828 ad
363 789 400 828 Β
433 787 643 843 pervenit,
673 790 844 843 tempus
877 791 952 843 est,
986 803 1071 844 quo
1100 793 1142 831 A
1151 792 1192 831 E
1216 792 1382 844 conspi—

35 865 157 894 cuum
187 851 549 907 hemisphaerium
581 856 816 910 permutat3
849 856 1019 910 tempus
1045 857 1199 909 autem,
1233 869 1317 909 quo
1348 858 1381 896 Z

34 931 175 960 arcum
204 920 330 960 ΖΘΔ
360 920 589 973 percurrit,
620 921 790 974 tempus
823 921 906 973 est,
937 934 1022 974 quo
1051 922 1131 962 ΓΖ
1164 920 1380 962 occultum

20 981 389 1038 ,hemisphaerium
419 986 646 1039 permutat.
697 998 799 1041 ergo
833 999 917 1040 quo
949 987 1141 1040 tempore
1168 988 1211 1027 Α
1219 989 1260 1027 Ε
1284 999 1382 1027 con-

20 1046 225 1104 spicuum
238 1048 600 1105 hemisphaerium
615 1052 843 1105 permutat,
858 1065 907 1092 eo
923 1053 1049 1092 etiam
1065 1053 1139 1092 ΓΖ
1154 1051 1381 1092 occultum.

92 1266 364 1306 describantur
385 1298 388 1302 ,
408 1267 546 1306 circuli
583 1269 769 1318 paralleli
806 1269 954 1317 ΗΕΘ,
992 1270 1130 1318 ΚΖΛ,
1173 1282 1243 1319 per
1281 1282 1380 1319 quos

36 1325 213 1365 feruntur
230 1328 380 1377 puncta
401 1329 448 1375 E,
463 1329 506 1366 Z.
540 1330 580 1366 et
599 1329 787 1378 quoniam
809 1341 877 1367 eac
898 1328 1039 1367 circuli
1058 1328 1210 1367 zodiaci
1230 1329 1381 1378 stellae,

36 1398 132 1436 quae
157 1386 268 1425 iuxta
294 1386 532 1425 diametrum
553 1388 759 1437 oppositae
780 1390 883 1437 sunt,
909 1389 1119 1440 coniugate
1140 1390 1180 1426 et
1199 1388 1383 1427 oriuntur

18 1446 74 1497 ¹et
106 1445 290 1484 occidunt
326 1441 454 1499 (prop.
469 1443 564 1499 VI),
602 1449 749 1496 puncto
784 1450 819 1485 Ε
855 1448 1056 1486 occidente
1091 1448 1132 1486 in
1169 1450 1316 1498 puncto
1343 1450 1387 1486 H

36 1505 221 1554 punctum
256 1508 288 1543 Z
325 1507 437 1544 iuxta
475 1506 715 1545 diametrum
753 1507 789 1545 ei
825 1507 1055 1557 oppositum
1089 1509 1129 1545 in
1167 1510 1317 1557 puncto
1345 1510 1385 1546 A

37 1564 170 1604 oritur.
202 1578 340 1603 verum
368 1568 415 1614 E,
446 1568 659 1616 postquam
686 1579 821 1605 arcum
848 1567 973 1606 ΕΘΗ
992 1568 1202 1616 percurrit,
1229 1567 1384 1615 occidit,

37 1623 68 1661 Z
92 1624 242 1673 autem,
275 1626 486 1675 postquam
514 1639 648 1664 arcum
675 1628 795 1664 ZKA
819 1627 1035 1676 percurrit,
1067 1627 1204 1666 oritur.
1248 1627 1384 1676 itaque

17 1694 113 1733 'quo
137 1685 314 1734 tempore
340 1687 377 1723 E
404 1697 536 1723 arcum
564 1686 700 1723 ΕΘΗ
726 1687 939 1735 percurrit,
972 1699 1017 1725 eo
1044 1686 1164 1724 etiam
1191 1688 1223 1723 Z
1251 1698 1385 1725 arcum

37 1735 107 1780 ΖΚ
115 1746 159 1780 Λ.
189 1757 329 1782 verum
348 1745 517 1794 tempuS,
544 1757 623 1795 quo
646 1747 682 1783 E
702 1758 837 1783 arcum
857 1745 981 1784 ΕΘΗ
995 1746 1204 1795 percurrit,
1228 1747 1385 1796 tempus

16 1811 18 1821 ²
38 1803 107 1850 est,
138 1815 214 1852 quo
239 1805 313 1841 ΔΕ
340 1803 594 1853 conspicuum
619 1804 956 1854 hemisphaerium
981 1807 1202 1854 permutat3
1228 1807 1385 1855 tempus

38 1862 177 1911 sutem,
208 1875 286 1912 quo
312 1865 344 1900 Z
381 1876 513 1901 arcum
540 1866 660 1902 ZKA
684 1865 892 1914 percurrit,
923 1866 1080 1914 tempus
1106 1866 1176 1913 est,
1209 1878 1286 1914 quo
1313 1867 1385 1902 ZB

38 1920 234 1960 occultum
264 1922 598 1972 hemisphaerium
630 1925 845 1973 permutat.
889 1936 983 1974 ergo
1018 1923 1176 1973 aequali
1206 1926 1385 1974 tempore

39 1980 75 2018 Δ
82 1981 118 2018 Ε
148 1981 400 2031 conspicuum
425 1982 759 2032 hemisphaerium
785 1984 988 2033 permutat
1013 1989 1052 2022 et
1078 1985 1149 2021 ZB
1176 1984 1386 2022 occultum.

95 2040 277 2079 similiter
290 2037 661 2092 demonstrabimus,
681 2043 801 2081 etiam
817 2055 894 2092 quo
908 2044 1086 2093 tempore
1101 2045 1175 2081 AE
1188 2043 1387 2082 occultum

39 2096 369 2149 hemisphaerium
396 2103 607 2151 permutet,
633 2115 678 2140 eo
705 2104 777 2140 ZB
804 2103 1062 2152 conspicuum
1086 2104 1325 2153 permutare.

97 2260 134 2296 b.
159 2265 192 2296 4.
219 2263 264 2307 Ε]
290 2261 374 2297 add.
400 2274 448 2297 m.
476 2266 496 2296 2
522 2262 604 2298 Vat.
666 2266 720 2298 12.
747 2263 907 2310 ἀφανές]
933 2262 1103 2308 φανερόν
1121 2263 1217 2306 Vat„
1243 2263 1389 2308 ἀφανές

41 2305 123 2343 Vnt.
144 2311 223 2352 191,
250 2312 328 2352 192,
355 2312 434 2345 202.
523 2313 578 2345 14.
605 2309 659 2356 δέ]
685 2312 776 2345 mut.
802 2310 841 2345 in
867 2310 915 2359 δή
939 2323 987 2347 m.
1016 2315 1035 2345 2
1062 2311 1145 2347 Vat.
1222 2315 1276 2348 15.
1304 2311 1387 2358 Seq.

42 2352 237 2395 demonstr,
263 2356 392 2404 altera,
417 2369 451 2393 v.
478 2368 561 2407 app.
