1494 2450
74 769 114 798 10

70 1090 112 1119 15

67 1411 111 1441 20

66 1731 108 1761 25

145 74 202 114 42
646 79 952 114 ΦΑΙΝΟΜΕΝΑ

146 183 246 235 ΓΝ,
274 185 374 234 ΒΤ,
399 181 448 225 ἐν
474 188 583 234 ἴσοις
608 184 658 227 δὲ
681 185 707 238 ἡ
732 181 813 237 μὲν
837 187 936 227 ΚΗ
953 192 1003 241 τῇ
1030 189 1145 240 ΗΠ,
1170 188 1196 241 ἡ
1222 185 1269 230 δὲ
1294 188 1436 231 ΚΝτ
1493 195 1494 198 ’

145 243 379 299 ΠΤ,ἡδὲ
405 248 566 302 ΝΓτῇ
599 251 685 289 ΤΒ.
1460 247 1464 275 1

202 311 395 352 ἔστωσαν
418 311 685 366 παράλληλοι
710 312 882 367 κύκλοι,
913 313 1014 356 καθ’
1044 311 1107 356 ὧν
1131 315 1308 371 φέρεται
1332 317 1383 359 τὰ
1408 319 1457 359 Ν

146 376 196 427 K,
217 377 274 427 Π,
301 376 340 415 Τ
357 382 524 428 σημεῖα,
550 376 592 417 οὶ
617 376 730 430 ΜΞ,
759 380 862 431 ΘΛ,
889 380 980 432 ΟΡ,
1005 381 1100 420 ΣΤ.
1137 379 1208 422 καὶ
1234 378 1323 422 ἐπεὶ
1348 394 1468 435 περι*
1493 383 1494 386 ’

144 437 314 492 φέρειαι
340 439 383 480 αἱ
410 441 522 492 ΗΚ,
549 441 660 493 ΚΝ,
686 444 732 482 Ν
740 443 780 482 Γ
805 445 894 483 ἶσαι
919 441 1124 496 ἀλλήλαις
1148 444 1273 498 εἰσίν,
1304 445 1349 486 αἱ
1375 447 1464 500 ΖΛ,
1485 440 1494 501 J

144 501 246 555 ΛΞ,
267 502 351 549 ΞΓ
370 503 452 558 ἄρα
476 505 646 557 μείζους
671 505 782 546 εἰσὶν
806 504 1004 560 ἀλλήλων
1028 506 1262 562 ἀρχόμεναι
1287 508 1370 550 ἀπὸ
1395 524 1465 562 με·

143 567 291 620 γίστης
320 573 395 619 τῆς
423 569 509 608 ΖΛ.
559 569 631 610 διὰ
661 570 714 611 τὰ
738 569 847 611 αὐτὰ
872 570 926 623 δὴ
949 569 1022 612 καὶ
1047 572 1092 612 αἱ
1115 569 1196 624 μὲν
1220 575 1324 626 ΕΘ,
1353 575 1488 626 ΘΜ,“

142 633 236 671 MA
260 631 430 684 μείζους
456 631 568 673 εἰσὶν
594 632 794 686 ἀλλήλων
818 632 1053 688 ἀρχόμεναι
1071 634 1155 677 ἀπὸ
1174 638 1375 690 μεγίστης
1391 642 1466 690 τῆς
1485 656 1494 685 χ

141 697 242 735 ΕΘ·
273 695 344 736 καὶ
369 692 433 737 ἔτι
459 696 504 737 αἱ
522 693 603 750 μὲν
623 699 718 750 ΖΡ,
738 699 831 751 ΡΥ,
855 700 934 738 ΤΔ
951 698 1121 751 μείζους
1139 700 1251 742 εἰσὶν
1269 654 1494 777 ἀλλήλωνέ

141 757 373 813 ἀρχόμεναι
405 758 489 801 ἀπὸ
520 762 722 814 μεγίστης
753 767 828 814 τῆς
855 763 949 815 ΖΡ,
983 761 1054 804 καὶ
1084 761 1147 805 ἔτι
1172 764 1217 805 αἱ
1236 766 1335 818 ΕΟ,
1363 767 1466 819 ΟΣ,
1477 759 1494 819 χ’

140 825 225 864 ΣΒ
250 824 420 875 μείζους
445 824 556 866 εἰσὶν
583 824 782 879 ἀλλήλων
807 824 1042 880 ἀρχόμεναι
1067 826 1150 868 ἀπὸ
1174 828 1376 881 μεγίστης
1393 822 1494 888 τῆςΞ

139 889 236 929 ΕΟ.
279 886 350 929 καὶ
382 886 474 930 ἐπεὶ
505 889 550 930 αἱ
577 891 683 945 ΓΝ,
708 892 818 943 NK,
845 893 956 944 ΚΗ,
982 893 1098 945 ΗΠ,
1124 894 1235 944 ΠΤ,
1268 894 1342 933 ΤΒ
1367 892 1494 934 ἀνα-

138 951 338 993 τέλλουσι
374 950 455 1004 μὲν
491 953 597 994 κατὰ
633 953 708 1003 τὰς
746 954 844 1007 ΓΞ,
876 953 973 1008 ΞΛ,
1005 957 1045 996 Λ
1055 958 1108 1006 Ζ,
1143 958 1237 1009 ΖΡ,
1262 958 1360 1009 PY,
1389 955 1494 1010 TA}

137 1017 427 1070 περιφερείας,
453 1017 638 1058 δύνουσι
664 1015 711 1059 δὲ
738 1019 845 1059 κατὰ
869 1019 943 1068 τὰς
968 1022 1086 1072 AM,
1106 1022 1219 1074 ΜΘ,
1242 1023 1344 1074 ΘΕ,
1361 1023 1464 1075 ΕΟ,
1492 1076 1494 1079 ¹

142 1082 243 1134 ΟΣ,
269 1083 373 1134 ΣΒ,
400 1080 543 1135 [ὥστε]
570 1080 618 1123 ἐν
636 1081 804 1132 ἀνίσοις
823 1084 1010 1137 τμήμασι
1030 1089 1108 1125 τοῦ
1128 1082 1346 1138 ὁρίζοντος
1363 1083 1463 1126 ἀνα-
1488 1092 1490 1095 ’

137 1144 339 1186 τέλλουσί
363 1161 408 1186 τε
433 1144 504 1187 καὶ
530 1146 754 1188 δύνουσιν.
786 1147 858 1188 καὶ
883 1145 975 1189 ἐπεὶ
1001 1145 1048 1189 ἐν
1068 1150 1231 1203 σφαίρᾳ
1249 1148 1464 1204 παράλλη-

138 1212 206 1250 λοι
231 1209 382 1251 κύκλοι
409 1210 451 1251 οἱ
480 1212 577 1260 ΘΛ,
606 1213 688 1251 ΟΡ
713 1211 918 1265 μεγίστου
949 1211 1067 1260 τινὸς
1096 1211 1259 1254 κύκλου
1290 1226 1464 1267 περιφε-

138 1275 254 1327 ρείας
285 1279 363 1315 τοῦ
391 1275 470 1315 ΓΒ
495 1275 570 1323 τὰς
596 1277 710 1327 ΠΗ,
737 1277 830 1316 ΗΚ
859 1275 953 1324 ἴσας
984 1274 1222 1330 ἀφαιροῦσι
1252 1277 1358 1330 πρὸς
1388 1277 1465 1318 τὸν

137 1336 343 1391 μέγιστον
374 1345 460 1380 τῶν
490 1340 779 1392 παραλλήλων
809 1339 886 1380 τὸν
917 1342 1018 1393 ΕΖ,
1055 1339 1148 1388 ἴσος
1179 1340 1262 1395 ἄρα
1293 1339 1409 1383 ἐστὶν
1441 1340 1464 1382 ὁ

139 1403 218 1442 ΘΛ
247 1402 405 1451 κύκλος
429 1408 488 1458 τῷ
517 1404 602 1443 ΟΡ
620 1403 775 1459 κύκλῳ.
820 1402 908 1444 ἐπεὶ
938 1399 1019 1444 οὖν
1045 1402 1093 1444 ἐν
1117 1405 1283 1460 σφαίρᾳ
1308 1409 1396 1446 ἴσοι
1419 1420 1464 1446 τε

135 1465 206 1507 καὶ
231 1466 500 1519 παράλληλοι
526 1466 677 1508 κύκλοι
703 1467 748 1508 οἱ
773 1469 869 1518 ΘΛ,
901 1469 984 1508 ΟΡ
1007 1468 1212 1521 μεγίστου
1245 1469 1363 1519 τινὸς
1387 1468 1461 1510 κύ·
1492 1488 1494 1490 ·

133 1533 241 1571 κλου
272 1531 547 1585 περιφερείας
577 1536 656 1572 τοῦ
682 1532 855 1572 ΑΒΓΔ
887 1531 960 1580 τὰς
984 1533 1092 1584 ΔΖ,
1121 1534 1202 1572 ΖΡ
1226 1531 1463 1587 ἀφαιροῦσι

134 1597 241 1649 πρὸς
271 1595 349 1636 τὸν
379 1594 585 1649 μέγιστον
617 1601 705 1636 τῶν
736 1597 1023 1650 παραλλήλων
1047 1596 1125 1637 τὸν
1149 1598 1251 1650 ΕΖ,
1284 1596 1354 1651 ἴση
1379 1597 1462 1651 ἄρα

137 1658 255 1700 ἐστὶν
280 1659 305 1713 ἡ
335 1662 373 1700 Λ
383 1662 418 1700 Ζ
448 1658 703 1714 περιφέρεια
726 1665 777 1715 τῇ
807 1661 888 1700 ΖΡ
915 1661 1179 1715 περιφερείᾳ.
1228 1660 1384 1713 ὁμοίως
1409 1662 1462 1715 δὴ
1493 1710 1494 1713 ¹

135 1721 346 1775 δείξομεν,
372 1722 438 1764 ὅτι
465 1723 535 1764 καὶ
554 1724 579 1777 ἡ
600 1723 639 1769 Ξ
649 1726 682 1764 Ζ
701 1722 955 1778 περιφέρεια
973 1727 1045 1778 ἴση
1065 1723 1154 1766 ἐστὶ
1172 1731 1222 1780 τῇ
1246 1727 1280 1766 Ζ
1293 1728 1331 1766 Y
1345 1739 1459 1781 περι-

191 1841 222 1872 3.
247 1836 470 1882 παράλληλοι
494 1838 635 1884 κύκλοι]
660 1839 745 1883 post
769 1843 899 1883 σημεῖα
922 1838 999 1883 (lin.
1019 1839 1054 1883 4)
1079 1849 1146 1873 scr.
1171 1838 1255 1874 Vass.
1328 1843 1359 1874 4.
1395 1840 1458 1874 καὶ

132 1884 211 1919 ἐπεὶ
235 1883 481 1930 περιφέρειαι]
508 1885 586 1920 ἐπεὶ
611 1882 678 1920 οὖν
702 1884 786 1919 Vnt.
818 1882 900 1930 (οὖν
923 1896 1033 1930 supra
1056 1896 1103 1920 m.
1131 1887 1176 1930 2).
1255 1889 1286 1920 5.
1319 1885 1387 1922 εἰσί
1411 1886 1456 1929 V,

131 1932 174 1964 ut
197 1930 260 1965 lin.
283 1934 314 1973 6,
341 1934 372 1966 8.
446 1935 477 1966 6.
503 1929 662 1975 μείζονες
685 1931 781 1975 vat„
804 1933 847 1966 ut
870 1931 934 1967 lin.
954 1935 986 1973 8,
1013 1935 1045 1974 9,
1072 1935 1125 1966 11.
1194 1936 1247 1966 10.
1274 1932 1325 1968 ἔτι
1366 1944 1455 1968 corr.

132 1988 175 2012 ex
199 1976 272 2020 ἄρα
298 1979 442 2022 (comp.)
467 1990 514 2012 m.
540 1982 561 2012 2
585 1979 629 2014 V.
689 1981 742 2013 15.
769 1977 871 2024 ὥστε]
897 1977 1011 2013 doleo.
1061 1981 1115 2013 23.
1141 1977 1205 2014 τόν
1231 1979 1323 2024 (alt.)
1366 1990 1454 2015 corr.

132 2035 175 2058 ex
199 2030 271 2059 τῶν
295 2036 343 2059 m.
369 2028 388 2058 2
416 2024 457 2059 V.
496 2023 585 2070 ἄρα]
610 2036 679 2060 om.
707 2024 788 2060 Vat.
838 2028 893 2059 24.
918 2037 1000 2068 περι
1033 2024 1147 2071 έρεια]
1175 2037 1245 2060 om.
1271 2025 1355 2061 Vnt.
1392 2025 1454 2072 δή]

131 2082 220 2106 corr.
246 2081 289 2105 ex
315 2070 357 2106 δέ
379 2070 410 2106 V
436 2072 474 2106 et
498 2082 543 2105 m.
571 2075 591 2105 2
616 2071 701 2106 Vnt.
758 2075 813 2106 25.
838 2071 927 2106 Post
950 2084 998 2106 κα
1036 2082 1106 2106 ras.
1134 2076 1152 2106 1
1179 2071 1251 2106 litt.
1278 2071 1319 2107 V.
1368 2071 1457 2108 Post
1492 2084 1494 2086 ·

130 2117 344 2166 περιφερείᾳ
369 2118 453 2152 add.
480 2114 531 2152 ὧν
555 2118 577 2162 ὴ
602 2121 671 2153 ΛΖ
696 2123 738 2164 τῇ
767 2119 834 2152 ΖΡ
854 2118 950 2153 ἐστιν
975 2116 1032 2162 ἴση
1057 2118 1140 2153 Vah.

188 2215 360 2261 Figuram
385 2215 442 2251 bis
467 2217 620 2261 praebet
639 2217 671 2251 V
695 2217 747 2262 (in
773 2206 887 2252 altera
913 2215 1074 2260 ‘dalton'
1101 2219 1196 2263 om.).
1233 2217 1273 2252 in
1298 2217 1358 2262 fig.
1379 2218 1412 2253 V
1427 2220 1467 2253 at

129 2262 213 2317 pdd.
234 2262 428 2307 arcticum
454 2275 484 2298 v.
504 2263 589 2309 adp.
610 2264 690 2302 crit.
709 2263 821 2302 verba
839 2264 978 2309 figurae
996 2263 1175 2312 inscripta
1197 2264 1282 2301 hab.
1300 2263 1343 2309 Vg
1368 2265 1461 2302 item

129 2321 167 2346 ω
192 2321 322 2357 propp.
347 2321 447 2357 seqq.
