1494 2450
153 106 233 147 106
663 113 962 147 ΦΑΙΝΟΜΕΝΑ

689 215 866 251 Recensio
891 217 925 251 b.

206 284 270 326 ις’.
313 286 398 325 Τοῦ
424 293 511 326 τῶν
537 286 701 342 ζῳδιων
725 288 887 329 κύκλου
913 290 956 330 αἱ
985 293 1073 331 ἴσαι
1096 291 1364 347 περιφέρειαι
1389 295 1467 339 οὐκ

146 347 194 389 ἐν
216 351 293 404 ἴσῳ
313 350 453 405 χρόνῳ
475 348 785 399 ἐξαλλάσσουσι
804 351 852 393 τὸ
874 351 1036 406 ἀφανὲς
1053 354 1351 410 ἡμισφαίριον,
1373 356 1464 400 ἀλλ

144 410 193 452 ἐν
218 413 388 454 πλείονι
413 415 555 470 χρόνῳ
581 413 646 455 ἀεὶ
671 413 737 468 ἡ’
722 414 870 468 έγγιον
894 423 972 458 τοῦ
994 425 1240 494 χειμερινοῦ
1259 426 1466 474 τροπικοῦ

98 489 117 518 5
143 482 217 529 τῆς
243 475 479 531 ἀπώτερον,
505 477 553 519 ἐν
574 482 652 535 ἴσῳ
673 478 721 520 δὲ
740 479 782 520 αἱ
805 483 902 521 ἴσον
921 479 1155 535 ἀπέχουσαι
1175 482 1466 539 ὁποτερασοῦν

143 546 230 581 τῶν
256 548 480 595 συναφῶν.

200 602 306 646 ἔστω
334 604 381 647 ε’ν
406 606 550 662 κόσμῳ
578 606 732 661 ὁρίζων
758 606 779 648 6
800 610 943 662 ΑΒΓ
969 607 1040 650 καὶ
1065 611 1245 664 θερινὸς
1267 609 1346 664 μὲν
1370 628 1463 668 τρο-

140 669 265 717 πικὸς
291 670 397 711 ἔστω
424 669 446 711 ὁ
474 673 579 720 ΑΒ,
612 672 853 726 χειμερινὸς
887 672 935 714 δὲ
959 674 1160 727 τροπικὸς
1185 671 1291 717 ἔστω
1317 675 1340 717 6
1367 679 1462 732 ΓΤ,

141 731 163 774 ὁ
199 733 247 775 δὲ
279 740 366 775 τῶν
401 734 567 790 ζῳδίων
599 735 756 784 κύκλος
789 735 917 778 θέσιν
947 735 1073 791 ἐχέτω
1105 738 1184 791 τὴν
1209 742 1358 794 ΑΓΕ,
1394 741 1463 785 καὶ

73 810 113 839 10
139 795 483 851 ἀπειλήφθωσαν
510 802 598 840 ἴσαι
623 799 892 854 περιφέρειαι
917 802 960 842 αἱ
986 804 1092 854 ΔΕ,
1118 804 1218 843 ΕΖ·
1253 803 1422 859 λέγω,”
1399 820 1463 848 οτι

139 861 182 901 αἱ
208 864 251 902 Δ
259 864 316 915 Ε,
335 865 417 903 ΕΖ
444 862 524 903 οὐκ
549 862 596 904 ἐν
623 866 699 919 ἴσῳ
725 864 867 920 χρόνῳ
893 864 1202 915 ἐξαλλάσσουσι
1227 867 1275 908 τὸ
1301 867 1463 923 ἀφανὲς

138 924 436 980 ἡμισφαίριον,
460 925 561 968 ἀλλ’
579 925 628 969 ἐν
651 930 821 971 πλείονι
847 930 873 983 ἡ
893 933 935 971 Δ
942 933 982 971 Ε
1005 927 1258 983 περιφέρεια
1283 937 1357 985 τῆς
1380 935 1460 974 ΕΖ

138 992 424 1045 περιφερείας.

197 1053 542 1109 ἀπειλήφθωσαν
572 1056 654 1111 γὰρ
686 1063 778 1106 ταῖς
802 1060 909 1111 ΛΕ,
935 1061 1017 1099 ΕΖ
1047 1060 1340 1114 περιφερείαις
1374 1063 1460 1102 ἴσαι

69 1132 110 1162 15
136 1133 180 1159 τε
218 1119 288 1160 καὶ
325 1118 586 1161 ἀπεναντίον
616 1120 886 1176 περιφέρειαι
918 1123 960 1164 αἱ
994 1126 1103 1177 ΗΘ,
1132 1125 1237 1164 ΘΚ·
1282 1124 1329 1164 αἱ
1351 1126 1475 1178 ΗΘ,

138 1185 227 1224 ΘΚ
261 1184 343 1238 ἄρα
379 1183 648 1240 περιφέρειαι
679 1185 759 1227 οὐκ
790 1185 838 1227 ἐν
871 1191 947 1242 ἴσῳ
978 1188 1119 1243 χρόνῳ
1151 1186 1458 1237 ἑξαλλάσσουσι

134 1247 183 1288 τὸ
204 1248 397 1302 φανερὸν
416 1248 716 1303 ἡμισφαίριον,
742 1248 837 1290 ἀλλ’
853 1248 902 1291 ἐν
919 1253 1087 1293 πλειόνι
1107 1251 1133 1305 ἡ
1154 1253 1244 1292 ΗΘ
1263 1257 1336 1305 τῆς
1355 1253 1458 1292 ΚΘ·

134 1310 226 1353 ἀλλ’
263 1311 311 1354 ἐν
349 1306 381 1369 ᾧ
414 1313 494 1367 μὲν
530 1315 670 1369 χρόνῳ
708 1313 733 1367 ἡ
772 1316 863 1355 ΗΘ
899 1313 1146 1364 ἐξαλλάσσει
1183 1315 1230 1356 τὸ
1269 1315 1459 1369 φανερὸν

135 1376 435 1431 ἡμισφαίριον,
459 1376 485 1430 ἡ
507 1380 549 1419 Δ
556 1380 597 1419 Ε
618 1378 666 1419 τὸ
692 1375 869 1433 ἀφανές,
895 1376 943 1420 ἐν
968 1373 1001 1435 ᾧ
1020 1376 1068 1420 δὲ
1092 1378 1117 1431 ἡ
1147 1381 1233 1420 ΘΚ
1256 1378 1304 1419 τὸ
1330 1392 1459 1431 φανε-

64 1454 109 1484 20
136 1440 217 1494 ρὸν
241 1441 525 1495 ἡμισφαίριον
551 1440 814 1495 ἐξαλλάσσει,
840 1443 865 1496 ἡ
890 1446 972 1484 ΕΖ
997 1443 1045 1485 τὸ
1072 1442 1251 1497 ἀφανές·
1284 1443 1326 1483 αἱ
1352 1445 1455 1495 ΔΕ,
1480 1469 1483 1472 »

132 1507 218 1546 ΕΖ
253 1506 335 1560 ἄρα
367 1504 638 1560 περιφέρειαι
672 1506 752 1547 οὐκ
787 1506 835 1547 ἐν
868 1510 944 1562 ι”σῳ
976 1508 1118 1562 χρόνῳ
1151 1505 1456 1556 ε’ξαλλάσσουσι

133 1569 181 1611 τὸ
209 1569 372 1623 ἀφανὲς
397 1569 696 1625 ἡμισφαίριον,
722 1568 815 1611 ἀλλ’
847 1570 895 1612 ἐν
918 1573 1088 1612 πλείονι
1116 1571 1139 1624 ἡ
1161 1573 1250 1611 ΔΕ
1272 1576 1345 1624 τῆς
1364 1572 1455 1611 ΕΖ.

183 2295 214 2325 2.
242 2290 309 2338 ις’]
338 2290 386 2332 ιζ’
411 2290 494 2326 vat.
582 2294 634 2326 10.
662 2292 755 2326 Ante
781 2290 856 2325 ἴσαι
882 2289 951 2324 del.
978 2288 1017 2326 αἱ
1042 2289 1121 2324 vat.
1208 2290 1261 2322 15.
1288 2285 1327 2322 αἱ
1350 2286 1447 2327 ΗΘ,

128 2339 219 2384 ΘΚ]
251 2348 361 2384 supra
388 2338 470 2374 add.
498 2350 544 2374 m.
571 2342 590 2372 2
617 2339 696 2375 Vat.
