1494 2450
176 59 260 100 194
560 62 812 96 ΕΙΣΑΙὮΓΗ
832 63 1108 98 APMONIKH

382 168 556 222 λιχανὸς
580 167 723 221 μέσων
748 167 1003 222 ἐναρμόνιος

383 231 557 285 λιχανὸς
579 229 724 283 μέσων
748 234 991 287 χρωματική

384 294 557 349 λιχανὸς
582 294 726 350 μέσων
750 297 952 346 διάτονος

383 357 490 413 μέση

129 433 148 463 5
383 424 504 477 τρίτη
530 423 818 478 συνημμένων

383 487 605 541 παρανήτη
631 487 917 542 συνημμένων
942 487 1196 544 ἐναρμόνιος

384 552 605 605 παρανήτη
632 551 917 606 συνημμένων
941 556 1184 608 χρωματική

383 616 607 669 παρανήτη
633 615 920 670 συνημμένων
945 617 1144 667 διάτονος

384 679 491 732 νήτη
517 678 803 734 συνημμένων

108 751 151 782 10
385 742 609 797 παραμέση

386 809 507 862 τρίτη
534 807 847 862 διεζευγμένων

385 873 609 926 παρανήτη
635 872 946 926 διεζευγμένων
971 871 1226 928 ἐναρμόνιος

385 936 609 989 παρανήτη
634 936 947 991 διεζευγμένων
971 941 1214 993 χρωματική

385 1001 605 1054 παρανήτη
631 999 943 1055 διεζευγμένων
968 1003 1167 1052 διάτονος

108 1072 151 1102 15
385 1064 492 1118 νήτη
518 1063 830 1118 διεζευγμένων

386 1127 505 1181 τρίτη
529 1127 830 1182 ὑπερβολαίων

386 1193 610 1246 παρανήτη
634 1191 934 1247 ὑπερβολαίων
960 1193 1214 1249 ἐναρμόνιος

385 1257 608 1309 παρανήτη
634 1255 934 1310 ὑπερβολαίων
958 1261 1202 1314 χρωματική
1468 1258 1479 1282 Ψ

387 1321 610 1374 παρανήτη
637 1319 938 1375 ὑπερβολαίων
962 1322 1162 1373 διάτονος
1418 1336 1423 1341 ·
1467 1323 1483 1376 ἶ

109 1392 153 1423 20
386 1385 492 1437 νήτη
517 1377 828 1438 ὑπερβολαίων.
1482 1389 1484 1391 ’

177 1549 261 1588 τες,
286 1535 327 1576 οἱ
353 1534 401 1576 δὲ
426 1535 686 1588 κινούμενοι.
730 1535 942 1587 ἑστῶτες
971 1536 1052 1592 μὲν
1076 1535 1157 1580 οὖν
1181 1540 1307 1589 εἰσιν,
1332 1539 1426 1581 ὅσοι

178 1605 271 1648 ταῖς
301 1606 389 1641 τῶν
419 1606 559 1652 γενῶν
583 1600 815 1655 διαφοραῖς
841 1601 893 1643 οὐ
918 1603 1270 1656 μεταπίπτουσιν,
1300 1602 1407 1645 ἀλλὰ
1431 1617 1461 1657 μ

178 1674 336 1705 νουσιν
361 1662 429 1705 ἐπὶ
452 1669 551 1716 μιᾶς
575 1664 745 1713 τάσεως.
788 1666 1090 1720 κινούμενοι
1117 1665 1178 1720 δέ,
1204 1667 1300 1709 ὅσοι
1324 1667 1457 1709 τούνα

111 1738 154 1769 25
179 1742 275 1769 τιον
304 1729 598 1769 πεπόνθασιν·
647 1726 695 1770 ἐν
730 1729 811 1783 γὰρ
848 1735 940 1779 ταῖς
976 1737 1063 1772 τῶν
1100 1738 1240 1784 γενῶν
1271 1732 1494 1785 διαφοραξ

179 1791 496 1846 μεταβάλλουσι
527 1790 598 1833 καὶ
629 1792 682 1834 οὐ
712 1792 921 1847 μένουσιν
951 1793 1020 1836 ἐπὶ
1049 1802 1147 1847 μιᾶς
1171 1795 1341 1845 τάσεως.
1389 1787 1494 1861 §lali

180 1851 263 1897 οὖν
282 1856 324 1897 οὶ
343 1871 425 1910 μεν
444 1854 621 1906 ἑστῶτες
634 1855 744 1898 ὀκτὼ
759 1857 867 1899 oft-6⁶
892 1860 1342 1913 προσλαμβανόμενος,
1361 1853 1494 1931 &xm-3

180 1918 371 1973 ὑπάτων,
402 1919 542 1973 ὑπάτη
566 1919 723 1974 μέσων,
751 1919 872 1975 μέση,
906 1923 1012 1976 νήτη
1037 1922 1337 1977 συνημμένων,
1367 1932 1494 1998 παρα]

179 1983 301 2037 με’,ση
326 1984 432 2037 νήτη
459 1983 783 2038 διεζευγμένων,
813 1987 918 2040 νήτη
944 1985 1261 2040 ὑπερβολαίων·
1303 1965 1494 2070 κινούμᾷξ

113 2057 156 2089 80
181 2062 250 2088 νοι
277 2046 325 2089 δὲ
349 2048 392 2089 02
417 2047 499 2089 ἀνα
523 2047 657 2101 μέσον
680 2049 847 2091 τούτων
870 2050 1037 2099 πάντες.

239 2118 327 2153 τῶν
371 2111 418 2153 δὲ
455 2110 685 2154 έστωτων
721 2113 763 2154 02
799 2112 880 2167 μέν
916 2114 1000 2155 εἰσι
1036 2114 1330 2168 βαρύπυκνοι,
1373 2114 1415 2156 οἱ
1452 2047 1494 2199 δέ

183 2165 1494 2231 —————...—.-——.3}

243 2247 295 2278 11.
320 2242 438 2290 τρίτη]
463 2243 500 2278 Μ
525 2244 564 2278 in
587 2255 668 2287 ras.
692 2244 782 2289 νήτη
806 2245 862 2280 W.
947 2250 999 2280 12.
1024 2246 1166 2291 γμένων
1188 2251 1291 2282 -14,
1317 2232 1494 2333 danicam}

183 2289 238 2324 M*
262 2290 300 2324 in
331 2301 399 2325 ras.
451 2314 453 2316 -
497 2294 549 2325 16.
576 2291 841 2341 ὑπερβολαίων]
867 2292 951 2328 add.
970 2293 1178 2338 χρωματική
1202 2293 1259 2328 W.
1368 2297 1420 2328 1⁷.

1446 2293 1494 2450 ξ

235 1477 323 1512 τῶν
355 1470 403 1512 δὲ
433 1468 788 1525 ἐξηριθμημένων
819 1474 1033 1528 φθόγγων
1065 1475 1105 1516 οἱ
1130 1473 1209 1529 μέν
1235 1476 1346 1517 εἰσιν
1371 1423 1494 1727 esav}
