1494 2450
548 52 852 88 PRAENOMEN
856 53 887 88 A
1337 56 1393 98 23

47 163 188 204 HEK
214 175 290 216 per
321 161 443 216 polos
469 163 595 215 secat,
633 164 676 204 et
701 162 745 203 in
771 163 876 204 duas
902 166 1046 219 partes
1073 163 1272 219 aequales
1298 179 1394 206 eum

8 253 9 258 =
45 226 204 268 secabit
228 229 270 268 et
294 226 347 268 ad
373 228 554 283 angulos
580 230 732 270 rectos,
765 228 908 282 itaque
934 229 1117 271 circulus
1140 232 1227 272 ΠΡ
1244 229 1296 271 ἃᾶ
1316 230 1395 271 cir-

894 295 1037 336 culum
1062 297 1195 337 HEK
1215 309 1394 351 perpen-

893 359 1095 402 dicularis
1122 362 1197 403 est.
1246 360 1392 402 eadem

894 425 945 467 de
965 439 1093 468 causa
1111 424 1245 482 igitur
1263 426 1392 468 etiam

894 494 1037 550 ΣΟΤ
1056 491 1109 533 ἃᾶ
1135 493 1279 534 ΗΕΚ
1300 506 1393 546 per-

891 555 1181 611 pendicularis
1218 559 1292 599 est.
1351 560 1393 599 et

893 621 1096 677 quoniam
1147 621 1389 664 semicircu-

890 687 958 729 lus
997 702 1021 728 a
1058 689 1220 741 puncto
1259 690 1305 729 K
1339 688 1392 729 ad

891 754 1035 807 partes
1062 754 1115 805 K,
1140 755 1180 793 A
1207 767 1303 794 cum
1331 767 1391 794 se-

891 817 1114 859 micirculo
1135 832 1159 859 a
1173 820 1334 872 puncto
1351 821 1396 860 Σ

890 883 944 925 ἃᾶ
975 886 1120 938 partes
1146 886 1205 938 Σ,
1237 886 1276 924 Τ
1304 898 1390 925 non

890 948 1120 1002 concurrit,
1150 961 1274 990 arcus
1301 951 1395 990 ΚΣ

890 1013 1007 1056 arcui
1028 1016 1069 1056 A
1085 1016 1125 1056 Τ
1144 1014 1297 1055 similis
1325 1017 1391 1056 est

890 1077 1280 1136 (Theodos.H‚13).
1302 1095 1389 1135 quo

888 1144 1022 1202 igitur
1032 1147 1226 1200 tempore
1235 1147 1280 1187 K
1286 1145 1340 1187 ad
1349 1148 1394 1187 Σ

888 1210 1092 1265 pervenit,
1119 1224 1168 1252 eo
1195 1210 1323 1252 etiam
1348 1213 1389 1252 A

888 1275 941 1317 ad
962 1278 1002 1318 T
1013 1276 1232 1330 perveniet
1253 1278 1295 1318 et
1312 1276 1390 1318 cir-

889 1341 1009 1383 culus
1019 1343 1103 1383 KA
1118 1355 1214 1383 cum
1226 1341 1387 1384 circulo

888 1409 978 1449 ΣΤ
991 1409 1209 1464 congruet.
1240 1422 1386 1450 verum

889 1472 1073 1515 circulus
1090 1475 1134 1514 Σ
1141 1475 1179 1514 Τ
1192 1472 1246 1514 ἃᾶ
1260 1475 1392 1515 ΗΕΚ

887 1537 1252 1592 perpendicularis
1312 1540 1387 1580 est.

888 1601 1019 1658 q'uare
1049 1604 1177 1645 etiam
1204 1603 1388 1645 circulus

889 1671 973 1710 KA
981 1668 1034 1710 ad
1042 1668 1247 1711 circulum
1259 1671 1390 1710 HEK

35 1731 395 1786 perpendicularis
422 1736 496 1775 est.
537 1749 686 1776 rursus
713 1734 912 1789 quoniam
941 1748 1063 1777 arcus
1091 1737 1245 1776 ΣΜΠ
1269 1735 1388 1776 arcui

44 1799 173 1840 TNP
200 1797 353 1840 simih‘s
388 1801 469 1853 est,
508 1814 593 1854 quo
625 1802 818 1855 tempore
851 1803 896 1842 Σ
924 1801 976 1841 ad
1011 1802 1059 1840 H
1087 1799 1298 1854 pervenit,
1336 1814 1385 1841 eo

37 1863 164 1905 etiam
196 1866 235 1905 T
259 1863 312 1905 ad
338 1866 377 1905 P
403 1864 622 1920 perveniet
652 1868 695 1907 et
727 1865 913 1908 circulus
946 1865 1143 1907 zodiacus
1176 1880 1271 1908 cum
1309 1865 1387 1908 cir-

36 1929 130 1970 culo
157 1931 206 1971 Π
212 1931 296 1972 ΟΡ
329 1932 546 1986 congruet.
597 1946 743 1974 verum
780 1930 964 1974 circulus
997 1933 1046 1972 Π
1053 1933 1138 1972 ΟΡ
1167 1930 1218 1972 ἃᾶ
1246 1933 1390 1973 ΗΕΚ

35 1994 396 2050 perpendicularis
432 1997 507 2037 est.
558 2011 688 2051 quare
724 1996 854 2039 etiam
886 1997 1070 2039 circulus
1102 1996 1300 2038 zodiacus
1333 1995 1387 2037 ad

36 2059 300 2102 horizontem
340 2063 484 2102 HEK
521 2061 887 2118 perpendicularis
926 2064 1003 2104 est.
1061 2076 1162 2118 ergo
1201 2061 1385 2103 circulus

35 2125 229 2167 zodiacus
257 2125 309 2167 ad
333 2125 602 2169 horizontem
629 2127 694 2170 bis
720 2127 1083 2183 perpendicularis
1110 2127 1220 2182 eritj]

92 2201 172 2247 Fig.
197 2201 326 2236 littera.
350 2205 378 2237 Β
411 2202 542 2238 addita
572 2203 758 2249 integram
791 2203 877 2238 dedi
904 2214 949 2238 ex
973 2203 1076 2246 Vat.‚
1109 2203 1181 2239 etsi
1206 2202 1385 2237 Manitius

34 2250 132 2284 recte
157 2249 432 2291 animadvertit,
458 2250 688 2286 horizontem
707 2254 748 2286 Η
752 2254 788 2286 Κ
796 2254 828 2286 Ε
852 2262 918 2296 per
943 2250 1165 2286 circulorum
1191 2250 1323 2285 arctici
1350 2251 1387 2284 et

35 2295 228 2331 mtarctiei
252 2296 358 2341 polos
384 2298 418 2336 Ξ
442 2298 479 2332 et
506 2301 533 2332 B
567 2298 850 2333 describendum
885 2298 1017 2341 fuisse3
1049 2299 1203 2343 propter
1233 2298 1386 2333 demon-

35 2344 251 2380 strationem
276 2344 397 2389 ipsam
422 2345 518 2380 nihil
542 2347 694 2381 mutavi.
