1456 2456
98 46 215 82 XVIII
581 44 835 80 PROLEGOM
839 44 938 78 ENA

98 151 288 194 sionesque
315 162 349 196 p.
365 153 533 193 50,8,17;
559 153 614 193 52,
627 152 713 191 9,10
737 160 755 183 e
774 149 807 183 V
827 149 1000 193 explicari
1025 159 1098 183 non
1121 149 1284 193 possunt.
1320 159 1418 185 acce—

98 203 170 246 dit,
202 203 300 246 quod
325 215 359 247 p.
375 206 430 245 44,
446 206 489 236 14
514 201 527 236 l
556 212 622 246 pro
651 207 822 246 φανερῶν
849 200 985 236 codicis
1010 201 1043 234 V
1068 200 1196 236 scribit
1220 198 1308 246 φᾶν,
1339 212 1422 236 cum

97 255 199 290 nullo
225 255 299 290 alio
324 255 403 289 loco
429 255 498 289 hoc
523 253 739 298 compendio
763 264 829 288 nec
855 253 968 287 simili
992 254 1128 288 utatur.
1160 254 1285 297 itaque
1304 253 1422 288 credi-

98 308 230 350 derim,
261 308 356 341 inter
377 306 408 340 V
428 307 466 341 et
490 306 502 340 l
527 305 786 340 intermedium
811 305 975 340 codicem
1000 306 1236 340 statuendum
1260 316 1355 349 osse,
1383 306 1422 340 in

98 371 170 404 quo
197 360 306 394 verba
330 372 364 404 p.
380 362 435 401 40,
450 363 494 392 24
520 358 683 403 μέγιστος
701 379 744 383 -
768 360 842 392 ΦΧ
861 359 906 402 (ν.
927 360 1050 403 supra)
1082 358 1236 399 fortasse
1260 359 1334 393 iam
1361 359 1422 393 de-

99 414 213 454 erant,
233 412 412 446 scholium
431 415 474 445 32
496 412 619 445 autem
639 410 756 444 textui
779 422 814 454 p.
831 414 884 452 14,
899 413 919 444 8
939 410 1116 445 insertum
1135 412 1223 446 erat.
1255 421 1309 454 ea,
1328 421 1423 455 quae

97 464 110 497 1
135 476 171 508 p.
186 467 264 506 2‚7;
292 467 392 506 c,20;
419 466 522 505 8,13;
549 465 674 506 28,23;
701 466 866 506 98,6,10;
894 466 999 505 100,9
1018 462 1098 508 (va—>3
1126 466 1422 506 104,15;137,9·;

99 517 226 551 contra
251 515 282 550 V
310 515 463 560 praebet
494 514 550 549 vel
580 514 702 559 potius
733 517 879 559 peccat,
910 514 1060 550 librario
1095 515 1332 550 concesserim
1363 515 1423 559 (de

97 579 132 613 p.
149 572 203 610 16,
220 572 237 602 1
265 567 418 612 dubito).
461 567 559 601 idem
587 578 653 610 pro
678 566 753 610 ἄρα
777 567 1011 611 compendio,
1043 579 1115 611 quo
1140 567 1172 601 V
1196 579 1269 602 non
1292 579 1423 612 parum

98 630 208 664 saepe
227 620 352 662 utitur,
377 619 473 653 male
498 619 687 654 intellecto
710 619 858 664 scripsit
876 619 944 663 ἔτι,
970 632 1000 655 ν.
1021 623 1165 665 Ρ.20,2;
1192 624 1293 663 22,1;
1320 623 1422 662 92,5;

99 675 199 716 96,8;
216 676 340 715 138,18
354 671 400 706 al.
428 673 609 706 correctus
623 673 678 705 est
694 670 708 705 l
722 682 743 705 a
756 682 866 706 manu
877 675 897 705 2
911 683 945 716 p.
956 676 1010 714 98,
1021 676 1052 715 6,
1063 675 1105 706 10
1119 674 1163 716 (V.
1175 671 1421 717 Corrigenda).

156 735 200 759 cx
223 724 237 758 1
266 726 367 758 totus
399 734 589 768 expressus
615 725 670 758 est
694 724 722 757 L
748 735 903 767 eumque
935 725 1099 768 sequitur
1123 724 1333 759 fidelissime
1357 735 1424 759 nec

98 777 314 811 comitatum
343 778 489 811 recusat
518 787 564 811 ne
595 776 633 810 in
663 776 920 811 minutissimis
952 777 1117 820 quidem,
1152 776 1216 811 ubi
1249 776 1313 811 illc
1343 787 1366 811 a
1390 776 1423 810 V

99 829 267 864 discedit.
310 828 566 873 compendium
598 827 690 862 illud
722 828 926 873 particulae
951 828 1024 872 ἄρα
1053 839 1125 863 non
1152 829 1287 863 rectius
1311 829 1424 863 inter-

99 882 264 926 pretatus
295 883 350 916 est
374 892 485 924 quam
510 881 539 923 1;
569 892 656 915 nam
681 881 726 915 iis
752 891 896 925 quoque
920 881 1027 924 locis,
1060 881 1193 925 quibus
1217 881 1231 915 l
1255 892 1424 926 compen-

100 933 202 968 dium
226 933 371 976 retinet,
397 933 435 967 in
461 934 488 967 L
514 933 632 968 redire
658 933 752 968 solet
776 933 839 977 ἔτι,
863 933 964 969 velut
988 946 1022 978 p.
1038 937 1142 978 90‚1;
1169 937 1274 976 96,2;
1303 938 1379 976 102,
1391 938 1422 969 5.

98 987 247 1031 propria
272 986 299 1020 L
324 988 453 1030 peccat
478 998 514 1030 p.
529 990 560 1029 6,
575 990 611 1028 '73
636 989 748 1029 44,14
768 985 945 1030 (ἐλάττω);
971 990 1027 1029 48,
1042 989 1153 1021 8-11
1176 989 1256 1029 (om.
1277 988 1426 1031 propter

101 1037 400 1083 ὁμοιοτέλευτον);
427 1041 546 1080 50,14.
578 1050 612 1082 p.
628 1041 682 1080 50,
698 1042 718 1073 8
743 1039 914 1073 lacunam
937 1038 1109 1073 librarius
1133 1038 1227 1073 falso
1253 1038 1423 1082 explevit.

101 1091 258 1126 correxit
282 1102 411 1125 manus
437 1095 456 1124 2
483 1103 517 1135 p.
533 1095 589 1134 96,
605 1095 664 1132 11;
693 1094 770 1134 100,
783 1095 815 1126 4.

159 1144 322 1178 codicem
343 1143 378 1177 v‘
400 1154 546 1188 quoque
568 1143 751 1178 artissime
771 1155 853 1178 cum
867 1143 898 1178 V
917 1143 1123 1188 copulatum
1149 1153 1238 1186 esse,
1263 1154 1424 1177 summus

100 1207 277 1240 errorum,
311 1196 638 1240 interpolationum
670 1196 1007 1240 correctionumque
1038 1206 1232 1230 consensus
1263 1195 1424 1230 dilucide

102 1249 210 1284 docet
234 1259 351 1292 neque
374 1249 507 1292 obstat,
533 1249 630 1293 quod
655 1249 729 1283 iam
753 1261 787 1293 p.
805 1252 882 1292 104,
897 1251 917 1283 9
941 1249 980 1282 in
1005 1248 1075 1283 fine
1099 1248 1256 1293 paginae
1279 1248 1424 1283 desinit.

100 1311 167 1336 nec
185 1311 269 1335 vero
295 1311 338 1335 ex
362 1301 442 1346 ipso
457 1301 489 1336 V
509 1301 714 1346 descriptus
741 1303 807 1336 est.
838 1312 924 1336 nam
950 1312 1031 1335 cum
1049 1301 1063 1335 1
1082 1300 1223 1335 omittit
1244 1303 1379 1345 p.50,8
1395 1300 1424 1334 B

99 1353 233 1388 lacuna
262 1353 392 1388 relicta
425 1355 461 1388 et
491 1357 596 1398 p.44,
614 1357 656 1388 14
689 1353 815 1388 scribit
846 1358 984 1397 φανῶν.
1030 1364 1072 1387 ac
1099 1363 1145 1387 ne
1169 1363 1213 1386 ex
1238 1352 1250 1386 l
1276 1352 1425 1397 quidem

100 1405 342 1450 transcriptus
368 1407 439 1448 est3
464 1406 576 1441 habet
600 1406 697 1440 enim
722 1405 760 1440 in
785 1407 888 1440 textu
912 1418 947 1451 p.
961 1408 1017 1447 40,
1032 1409 1075 1439 24
1100 1405 1264 1450 μέγιστος
1288 1405 1328 1440 δὲ
1353 1411 1426 1440 τῶν

100 1459 159 1493 ἀεὶ
189 1463 360 1502 φανερῶν
388 1458 407 1493 ὁ
437 1460 511 1493 ΦΧ
536 1469 655 1503 neque
685 1470 798 1493 unum
830 1469 873 1493 ex
904 1458 1046 1492 mendis
1077 1456 1219 1492 librarii
1251 1457 1387 1492 codicis
1412 1457 1425 1491 l

100 1510 245 1554 repetit.
289 1509 536 1545 adsumendus
568 1512 624 1545 est
653 1507 768 1555 igit'ur
799 1511 912 1546 codex
943 1510 1007 1546 ille
1037 1510 1276 1544 intermedius
1301 1510 1426 1544 oiusve

102 1562 250 1606 adfinis,
282 1573 391 1606 quem
422 1563 495 1597 iam
526 1563 564 1597 in
596 1563 848 1608 propositione
872 1564 905 1598 II
936 1563 1207 1608 copulationem
1237 1562 1341 1597 illam
1364 1562 1425 1596 lit-

102 1616 261 1649 terarum
287 1615 335 1649 ad
367 1615 502 1660 figuras
533 1616 796 1660 spectantium,
829 1626 923 1661 quae
954 1615 1082 1650 eadem
1106 1615 1144 1649 in
1169 1613 1204 1648 v'
1231 1614 1425 1659 invenitur,

100 1678 189 1712 prae
209 1678 247 1702 se
266 1667 394 1702 tulisse
414 1668 718 1703 verisimillimum
737 1670 802 1703 est.
829 1668 877 1703 ad
896 1668 1051 1703 eundem
1070 1667 1147 1702 cod.
1168 1667 1424 1702 intermedium

102 1720 180 1754 sine
205 1720 316 1755 dubio
346 1720 442 1755 redit
465 1732 500 1765 p.
521 1725 576 1764 22,
594 1725 634 1755 17
656 1723 736 1755 ΣΠ
756 1723 836 1766 (pro
856 1723 892 1755 Σ
899 1722 964 1765 Τ);
996 1732 1026 1755 v.
1048 1719 1131 1764 adp.
1152 1731 1199 1754 cr.
1243 1719 1281 1754 v'
1301 1721 1425 1754 autem

101 1771 278 1807 nonnulla
311 1773 464 1816 praebet
494 1774 659 1817 propria,
694 1785 847 1818 quorum
878 1773 1075 1807 maximam
1105 1774 1244 1817 partem
1274 1771 1427 1806 librario

102 1824 304 1860 tribuerim.
336 1836 370 1869 p.
385 1829 439 1869 18,
454 1830 493 1859 16
520 1836 650 1860 novam
675 1826 806 1870 incipit
829 1825 1126 1870 propositionem.
1159 1823 1324 1859 ordinem
1349 1835 1426 1858 ver·

102 1877 231 1912 borum
256 1889 292 1922 p.
309 1881 363 1919 12,
378 1881 415 1919 6;
448 1881 538 1921 48,8
564 1880 602 1912 et
630 1878 838 1913 litterarum
868 1890 903 1923 p.
920 1881 973 1921 16,
988 1881 1031 1912 23
1059 1877 1106 1912 ad
1131 1876 1322 1911 arbitrium
1348 1888 1425 1910 mu-

102 1929 204 1964 tavit.
248 1929 367 1964 eidem
396 1930 549 1964 arbitrio
575 1930 781 1966 adscribere
811 1930 938 1965 malim
963 1940 1072 1974 quam
1098 1929 1144 1963 ad
1170 1928 1425 1973 compendium

102 1981 372 2017 terminationis
398 1982 494 2016 male
518 1982 750 2018 intellectum
771 1993 950 2025 revocare,
976 1981 1073 2027 quod
1092 1980 1318 2016 contraVlL
1343 1992 1379 2024 p.
1393 1984 1426 2022 4,

104 2038 141 2077 2,
159 2038 265 2077 3,17,
283 2038 342 2077 19,
360 2038 415 2077 21,
433 2038 493 2077 253
526 2038 565 2078 8,
582 2038 619 2077 8,
637 2039 678 2070 19
707 2035 745 2069 in
770 2035 807 2070 v'
832 2035 970 2080 legitur
993 2033 1083 2077 ὑπὲρ
1109 2038 1177 2079 γῆν
1201 2042 1266 2077 pro
1291 2033 1323 2067 ὑ.
1349 2037 1424 2077 γῆς.

103 2086 408 2131 interpolationes
429 2087 735 2131 deprehendimus
760 2099 795 2133 p.
809 2091 865 2131 48,
879 2090 939 2129 103
967 2089 1044 2130 100,
1058 2088 1157 2130 8,19,
1183 2084 1361 2120 scholium
1382 2089 1426 2119 32

102 2139 221 2175 textui
246 2151 280 2183 p.
295 2142 381 2183 14,8
406 2139 674 2184 interpositum.
706 2142 837 2184 peccat
859 2139 898 2174 ν’
918 2138 1027 2174 etiam
1052 2150 1087 2183 p.
1101 2140 1134 2181 2,
1148 2139 1301 2179 22--23;
1328 2139 1382 2180 10,
1394 2141 1427 2179 5,

106 2195 165 2234 193
192 2195 316 2234 28,12;
339 2195 479 2234 102,12.
513 2202 634 2226 veram
660 2192 877 2237 scripturam
904 2191 1000 2226 solus
1026 2190 1138 2225 habet
1160 2201 1196 2234 p.
1210 2193 1311 2232 4,15;
1338 2192 1427 2232 50,4

104 2246 186 2289 (om.
208 2243 284 2288 δέ);
312 2247 389 2287 104,
404 2248 434 2278 3.
