1494 2450
155 67 238 108 152
497 70 697 106 SCHOLIA
720 71 771 106 IN
795 72 1130 109 PHAENOMENA

438 175 512 217 Ad
536 191 672 232 prop.
692 177 796 220 XIV
820 179 1084 222 demonsssr.
1110 181 1191 223 alt.

214 255 306 297 123.
335 254 395 299 ‘H
420 260 502 299 TY
523 259 605 314 ἄρα
628 259 883 315 περιφέρεια
907 276 946 315 p.
969 261 1110 318 124,4]
1138 264 1211 305 διὰ
1234 265 1316 319 γὰρ
1341 271 1417 308 τοῦ

149 317 221 360 καὶ
252 326 331 362 τοῦ
361 324 417 363 Μ
444 325 581 365 πόλου
613 330 692 365 τοῦ
725 327 860 366 ΑΒΓ
889 325 1053 368 κύκλου
1086 327 1287 381 μέγιστος
1318 330 1399 372 κύκ
1471 360 1474 366 -

150 384 388 438 γεγράφθω
414 385 436 427 ὁ
465 390 518 428 Μ
525 391 621 428 Τω-
666 387 688 430 ὁ
717 390 771 429 Μ
776 392 849 430 Υω
882 390 965 444 ἄρα
995 389 1129 444 ὀρθός
1153 390 1243 434 ἐστι
1267 394 1375 448 πρὸς
1397 410 1421 437 τ

102 450 122 480 5
149 449 301 489 ΑΒΓ·
334 449 407 491 διὰ
426 450 506 505 γὰρ
527 458 614 493 τῶν
632 454 779 494 πόλων
799 453 933 495 αὐτοῦ
953 452 1081 495 ἐστιν.
1113 454 1184 497 καὶ
1205 455 1294 498 ἐπεὶ
1312 457 1469 503 κύκλοῦ
1485 490 1494 508 1.

148 516 226 552 τοῦ
253 515 389 554 ΑΒΓ
412 512 481 556 ἐπὶ
514 514 746 570 διαμέτρου
776 522 850 571 τῆς
881 515 964 559 ἀπὸ
995 523 1073 560 τοῦ
1105 535 1138 560 ω
1170 519 1310 574 ὀρθὸν
1334 528 1412 576 τμῆ
1459 570 1470 583 ὃ

147 575 310 617 κύκλου
343 576 549 631 ἐφέστηκε
579 579 627 621 τὸ
659 583 799 621 ωΤΜ
826 580 897 622 καὶ
922 580 1175 637 ἀφῃρημένη
1200 582 1319 627 ἐστὶν
1344 585 1369 639 ἡ
1398 582 1489 643 Ys-

147 637 341 682 ἐλάσσων
371 640 397 695 ἢ
429 642 600 697 ἡμίσεια
625 640 734 685 οὖσα
760 649 836 685 τοῦ
863 644 1103 700 ἐφεστῶτος
1127 649 1360 702 τμήματος·
1400 648 1490 711 κρΗ

147 703 228 758 γὰρ
254 703 280 758 ἡ
306 704 389 747 ἀπὸ
415 711 493 748 τοῦ
519 722 551 748 ω
578 706 646 749 ἐπὶ
672 708 719 749 τὸ
739 710 798 749 Μ
814 709 951 750 πόλον
970 718 1047 751 τοῦ
1074 714 1210 753 ΑΒΓ
1226 713 1388 755 κύκλου
1406 717 1469 771 tq}-

78 771 120 803 10
148 771 438 824 ταρτημορίου
470 769 609 813 ἐστίν·
653 771 874 813 ὑπόκειται
900 773 980 828 γὰρ
1009 773 1031 815 ὁ
1057 777 1188 824 πόλος
1211 775 1369 830 μεταξὺ
1393 774 1490 838 τοξξ

148 847 194 873 τε
218 835 304 874 ΛΔ
328 834 399 875 καὶ
424 840 503 876 τοῦ
530 838 568 876 A
577 837 622 876 K
643 836 829 879 κύκλου·
873 837 899 891 ἡ
925 838 1008 892 ἄρα
1037 842 1109 879 Υω
1137 837 1330 882 ἐλάσσων
1354 840 1490 903 έστὶῇι

147 896 172 949 ἢ
198 895 370 949 ἡμίσεια
395 905 473 940 τοῦ
499 898 738 953 ἐφεστῶτος
763 903 990 956 τμήματος.
1033 902 1103 944 καὶ
1129 903 1202 944 διὰ
1226 910 1304 945 τοῦ
1329 902 1369 946 α’
1391 901 1489 957 τορι

145 957 183 1012 γ’
209 967 297 1002 τῶν
323 964 581 1017 Σφαιρικῶν
612 962 807 1006 ἐλάσσων
831 963 950 1007 ἐστὶν
974 967 999 1020 ἡ
1024 964 1104 1019 μὲν
1128 965 1211 1009 ἀπὸ
1236 973 1314 1009 τοῦ
1343 972 1381 1010 Υ
1400 963 1484 1030 &Q

144 1024 192 1065 τὸ
218 1040 251 1065 ω
282 1031 357 1079 τῆς
387 1024 470 1067 ἀπὸ
501 1033 578 1068 τοῦ
609 1031 646 1068 Τ
668 1027 736 1070 ε’πὶ
762 1029 810 1070 τὸ
843 1031 894 1082 T,
927 1030 953 1083 ἡ
979 1027 1027 1071 δὲ
1051 1029 1134 1072 ἀπὸ
1160 1037 1238 1073 τοῦ
1269 1036 1306 1073 Υ
1326 1031 1394 1074 ἐπὶ
1417 1030 1467 1150 τε

74 1092 115 1123 15
151 1090 189 1128 Τ
214 1094 287 1142 τῆς
311 1087 395 1131 ἀπὸ
419 1096 498 1132 τοῦ
529 1095 566 1132 Υ
593 1090 660 1132 ἐπὶ
686 1093 734 1134 τὸ
762 1095 822 1133 Σ·
866 1093 974 1135 ὥστε
1005 1094 1076 1135 καὶ
1109 1094 1136 1148 ἡ
1166 1098 1252 1136 ΤΤ
1275 1094 1438 1140 ἐλάσσω
1484 1142 1488 1156 ¹

141 1150 232 1194 ἐστὶ
256 1159 330 1207 τῆς
360 1157 451 1196 TN
451 1157 502 1196 Σ.
1444 1151 1465 1210 ff

203 1216 296 1258 124.
317 1216 418 1272 ’Έχε
442 1219 523 1273 τὴν
547 1218 773 1262 ἑπίστασίν
797 1231 893 1276 σου,
919 1223 1135 1278 ἄνθρωπε.
1439 1218 1486 1278 ξ

203 1280 296 1322 125.
334 1282 392 1323 Αἱ
424 1285 535 1336 ΣΗ,
563 1286 652 1324 ΠΡ
677 1285 761 1339 ἄρα
790 1301 830 1339 p.
853 1285 1025 1341 128‚14]
1058 1286 1268 1330 δέδεικται
1299 1290 1486 1393 λοιπόνζ

144 1344 210 1386 ὅτι
235 1344 284 1386 έν
309 1349 387 1402 ἴσῳ
413 1348 554 1404 χρόνῳ
581 1349 624 1389 αἱ
652 1352 749 1390 ἴσον
774 1348 1009 1404 ἀπέχουσαι
1034 1357 1113 1393 τοῦ
1137 1356 1331 1407 θερινοῠ.
1457 1351 1485 1410 ’ἶ

70 1411 113 1442 20
200 1409 293 1450 126.
327 1412 528 1465 Σχόλιον.
554 1413 749 1454 καθόλου
768 1414 848 1468 χρὴ
867 1413 1040 1468 εἰδέναι,
1060 1415 1126 1456 ὅτι
1145 1423 1232 1457 τῶν
1250 1413 1485 1475 προηγουζι

138 1472 282 1524 μένων
313 1475 501 1528 σημείων
531 1473 600 1517 ἐπὶ
631 1482 709 1518 τοῦ
742 1477 960 1532 ὁρίζοντος
991 1480 1131 1521 ὄντων
1161 1479 1186 1533 ἡ
1212 1471 1465 1536 περιφέρειέ
1482 1483 1483 1489 ’

139 1537 259 1578 οὔπω
294 1537 514 1581 ἀνατέλλει
546 1540 646 1581 οὔτε
672 1541 814 1595 δύνει,
845 1549 933 1584 τῶν
958 1543 1006 1584 δὲ
1031 1541 1252 1598 ἑπομένων
1277 1543 1484 1599 &nueloei'

139 1599 208 1643 ἐπὶ
242 1607 320 1644 τοῦ
355 1602 573 1658 ὁρίζοντος
602 1605 743 1646 ὄντων
774 1612 888 1647 πᾶσα
919 1605 1109 1648 ἀνέτειλε
1139 1606 1209 1649 καὶ
1234 1614 1349 1650 πᾶσα
1372 1606 1484 1665 ἔδυξῙ

137 1666 189 1706 τὰ
220 1666 301 1720 γὰρ
333 1668 637 1722 προηγούμενα
662 1676 815 1723 σημεῖα
838 1670 909 1711 καὶ
934 1672 1120 1725 πρότερα
1146 1671 1366 1714 ἀνατέλλει
1389 1665 1483 1721 ud,

68 1731 110 1762 25
135 1731 323 1784 πρότερα
348 1731 471 1773 δύνει
490 1733 597 1773 κατὰ
616 1733 663 1774 τὸ
685 1733 723 1774 δ’
741 1734 958 1789 θεώρημα.
989 1741 1063 1788 τῆς
1083 1738 1133 1776 H
1137 1738 1174 1776 P
1187 1737 1463 1791 περιφερείας
1475 1748 1482 1794 Ὶρ

136 1795 470 1849 προηγούμενον
495 1797 672 1849 σημεῖόν
697 1795 786 1839 ἐστι
811 1799 859 1839 τὸ
880 1802 939 1852 Π,
963 1804 1038 1852 τῆς
1063 1799 1111 1841 δὲ
1131 1802 1220 1841 ΗΖ
1243 1792 1482 1855 προηγούιὲι

134 1872 268 1911 μενον
294 1859 342 1900 τὸ
370 1862 424 1901 Η.
457 1861 603 1913 λαβὼν
628 1857 709 1902 οὗν
733 1862 813 1915 τὴν
836 1859 915 1914 μὲν
938 1865 1026 1904 ΠΡ
1046 1863 1282 1918 δύνουσαν,
1307 1865 1386 1918 τὴν
1410 1855 1481 1911 δὲ

136 1923 224 1963 ΗΖ
261 1921 607 1977 ἀνατέλλουσαν,
653 1925 893 1979 ἀναγκαίως
935 1927 1010 1975 τὰς
1046 1926 1279 1981 ἐξαλλαγὰς
1315 1925 1481 1978 αὐτῶῆἰ

195 2000 271 2031 123.
296 1996 556 2042 V¹D2Ap¹sx.
636 1986 782 2034 ἰ’ἑιῘΙ).
863 1987 946 2035 125.
972 1978 1480 2059 vatspW

132 2042 235 2087 M⁸p¹
259 2043 321 2088 (ὡς
346 2044 385 2079 ἐν
408 2047 459 2092 τῷ
478 2043 619 2092 σκολίῳ)
644 2057 733 2089 qrs3
759 2046 797 2080 in
822 2047 924 2081 textu
948 2049 976 2082 λ.
1447 2055 1466 2072 ²<

191 2116 222 2148 8.
244 2113 418 2160 ἐλάσσων]
438 2114 511 2158 ἄρα
530 2115 635 2150 codd.
675 2119 728 2150 10.
748 2117 827 2162 τοῦ]
847 2121 920 2152 τῶν
939 2128 995 2152 nx.
1035 2121 1089 2152 15.
1102 2118 1290 2164 τῆς-Σ]
1309 2129 1378 2153 om.
1399 2130 1415 2153 s
1448 2123 1450 2126 ’
1467 2123 1469 2126 “

132 2159 220 2194 Post
242 2162 309 2194 'PT
326 2160 408 2196 add.
429 2161 666 2205 περιφέρειαν
683 2162 726 2204 Α,
745 2163 833 2197 item
854 2163 916 2198 lin.
929 2167 971 2197 16
991 2163 1226 2208 περιφερείας
1244 2167 1327 2209 post
1343 2167 1412 2200 TN

135 2210 188 2241 17.
210 2206 283 2253 ἔχε]
297 2218 413 2252 comp.
429 2208 633 2243 obscurum.
672 2213 728 2243 20.
741 2209 929 2291 naodzovg'
936 2210 997 2244 καὶ
1013 2210 1052 2245 ἐν
1065 2209 1214 2257 καθόλῳ
1228 2222 1310 2255 qrs.
1347 2215 1401 2246 21.
1415 2210 1438 2257 ἡ
1454 2247 1456 2251 ,
1476 2253 1477 2261 ¹

132 2252 270 2288 addidi.
320 2257 374 2289 24.
389 2255 662 2302 προηγούμενα]
675 2255 887 2301 προηγμένα
929 2260 977 2291 at.
1027 2261 1081 2292 25.
1097 2257 1143 2303 δ’]
1157 2256 1183 2292 ε’
1195 2257 1349 2302 VatMp.
1369 2257 1440 2293 Po
1456 2265 1461 2273 ¹
1476 2268 1478 2300 ῑ

132 2304 195 2348 τῆς
219 2300 302 2335 add.
329 2298 396 2336 οὖν
421 2300 481 2336 cs.
538 2305 593 2337 26.
618 2301 714 2337 Ante
739 2308 885 2350 σημεῖον
909 2303 992 2340 add.
1019 2300 1064 2350 ἦν
1089 2303 1151 2340 Ca.
1187 2305 1275 2351 ἐστι]
1301 2315 1370 2341 om.
1391 2304 1417 2340 C
1446 2310 1471 2359 μ’
