<?xml version="1.0" encoding="UTF-8"?>
<!DOCTYPE html PUBLIC "-//W3C//DTD XHTML 1.0 Transitional//EN"
    "http://www.w3.org/TR/xhtml1/DTD/xhtml1-transitional.dtd">
<html xmlns="http://www.w3.org/1999/xhtml" xml:lang="en" lang="en">
 <head>
  <title>
</title>
<meta http-equiv="Content-Type" content="text/html;charset=utf-8" />
  <meta name='ocr-system' content='tesseract 3.04.00' />
  <meta name='ocr-capabilities' content='ocr_page ocr_carea ocr_par ocr_line ocrx_word'/>
</head>
<body>
  <div class='ocr_page' id='page_1' title='image "./euclidisoperaomn08eucluoft_0152.png"; bbox 0 0 1494 2450; ppageno 0'>
   <div class='ocr_carea' id='block_1_1' title="bbox 151 0 1494 140">
    <p class='ocr_par' dir='ltr' id='par_1_1' title="bbox 151 0 1494 140">
     <span class='ocr_line' id='line_1_1' title="bbox 1454 0 1494 43; baseline 0 0"><span class='ocrx_word' id='word_1_1' title='bbox 1454 20 1459 24; x_wconf 43' lang='lat'><em>⁴</em></span> <span class='ocrx_word' id='word_1_2' title='bbox 1467 0 1494 43; x_wconf 52' lang='grc' dir='ltr'><strong>Ἰ</strong></span> 
     </span>
     <span class='ocr_line' id='line_1_2' title="bbox 1455 43 1494 99; baseline 0 4"><span class='ocrx_word' id='word_1_3' title='bbox 1455 58 1457 61; x_wconf 62' lang='grc'>“</span> <span class='ocrx_word' id='word_1_4' title='bbox 1488 43 1494 99; x_wconf 56' lang='lat'><strong><em>*2</em></strong></span> 
     </span>
     <span class='ocr_line' id='line_1_3' title="bbox 151 99 1489 140; baseline -0.001 -1"><span class='ocrx_word' id='word_1_5' title='bbox 151 99 208 140; x_wconf 87' lang='lat'><strong><em>94</em></strong></span> <span class='ocrx_word' id='word_1_6' title='bbox 655 102 961 137; x_wconf 71' lang='grc' dir='ltr'><strong><em>ΦΑΙΝΟΜΕΝΑ</em></strong></span> <span class='ocrx_word' id='word_1_7' title='bbox 1488 108 1489 111; x_wconf 62' lang='grc'>’</span> 
     </span>
    </p>
   </div>
   <div class='ocr_carea' id='block_1_2' title="bbox 150 205 1494 391">
    <p class='ocr_par' dir='ltr' id='par_1_2' title="bbox 150 205 1494 391">
     <span class='ocr_line' id='line_1_4' title="bbox 151 205 1494 264; baseline 0.005 -17"><span class='ocrx_word' id='word_1_8' title='bbox 151 208 280 259; x_wconf 89' lang='grc' dir='ltr'><strong><em>ΒΕΓ</em></strong></span> <span class='ocrx_word' id='word_1_9' title='bbox 304 206 376 248; x_wconf 82' lang='grc' dir='ltr'><strong><em>καὶ</em></strong></span> <span class='ocrx_word' id='word_1_10' title='bbox 395 205 740 262; x_wconf 79' lang='grc' dir='ltr'><em>ἀπειλήφθωσαν</em></span> <span class='ocrx_word' id='word_1_11' title='bbox 761 212 851 250; x_wconf 77' lang='grc' dir='ltr'><strong><em>ἴσαι</em></strong></span> <span class='ocrx_word' id='word_1_12' title='bbox 868 209 1140 264; x_wconf 81' lang='grc' dir='ltr'><strong><em>περιφέρειαι</em></strong></span> <span class='ocrx_word' id='word_1_13' title='bbox 1158 211 1204 252; x_wconf 77' lang='grc' dir='ltr'><strong><em>αἱ</em></strong></span> <span class='ocrx_word' id='word_1_14' title='bbox 1224 212 1336 264; x_wconf 87' lang='lat' dir='ltr'><strong><em>KH,</em></strong></span> <span class='ocrx_word' id='word_1_15' title='bbox 1357 212 1475 263; x_wconf 90' lang='grc' dir='ltr'><strong><em>ΗΜ·</em></strong></span> <span class='ocrx_word' id='word_1_16' title='bbox 1489 222 1494 252; x_wconf 63' lang='grc' dir='ltr'>Ξ</span> 
     </span>
     <span class='ocr_line' id='line_1_5' title="bbox 151 269 1494 330; baseline 0.004 -19"><span class='ocrx_word' id='word_1_17' title='bbox 151 269 275 324; x_wconf 85' lang='grc' dir='ltr'><strong><em>λέγω,</em></strong></span> <span class='ocrx_word' id='word_1_18' title='bbox 301 270 367 312; x_wconf 82' lang='grc' dir='ltr'><strong><em>ὅτι</em></strong></span> <span class='ocrx_word' id='word_1_19' title='bbox 391 270 417 324; x_wconf 83' lang='grc' dir='ltr'>ἡ</span> <span class='ocrx_word' id='word_1_20' title='bbox 446 272 489 312; x_wconf 90' lang='lat' dir='ltr'><em>K</em></span> <span class='ocrx_word' id='word_1_21' title='bbox 494 271 583 312; x_wconf 90' lang='lat' dir='ltr'><strong><em>H</em></strong></span> <span class='ocrx_word' id='word_1_22' title='bbox 563 287 611 313; x_wconf 87' lang='grc' dir='ltr'><strong><em>εν</em></strong></span> <span class='ocrx_word' id='word_1_23' title='bbox 633 274 803 314; x_wconf 86' lang='grc' dir='ltr'><strong><em>πλείονι</em></strong></span> <span class='ocrx_word' id='word_1_24' title='bbox 828 274 970 330; x_wconf 80' lang='grc' dir='ltr'><strong><em>χρόνῳ</em></strong></span> <span class='ocrx_word' id='word_1_25' title='bbox 997 271 1245 324; x_wconf 75' lang='grc' dir='ltr'><strong><em>ἐξαλλάσσει</em></strong></span> <span class='ocrx_word' id='word_1_26' title='bbox 1271 275 1319 317; x_wconf 90' lang='grc' dir='ltr'><strong><em>τὸ</em></strong></span> <span class='ocrx_word' id='word_1_27' title='bbox 1351 290 1494 330; x_wconf 63' lang='grc' dir='ltr'><strong><em>φανεςιι,</em></strong></span> 
     </span>
     <span class='ocr_line' id='line_1_6' title="bbox 150 335 1494 391; baseline 0.005 -16"><span class='ocrx_word' id='word_1_28' title='bbox 150 335 230 389; x_wconf 91' lang='grc' dir='ltr'><strong><em>ρὸν</em></strong></span> <span class='ocrx_word' id='word_1_29' title='bbox 254 335 541 391; x_wconf 82' lang='grc' dir='ltr'><strong><em>ἡμισφαίριον</em></strong></span> <span class='ocrx_word' id='word_1_30' title='bbox 564 336 674 390; x_wconf 79' lang='grc' dir='ltr'><strong><em>ἤπερ</em></strong></span> <span class='ocrx_word' id='word_1_31' title='bbox 700 337 726 390; x_wconf 83' lang='grc' dir='ltr'>ἡ</span> <span class='ocrx_word' id='word_1_32' title='bbox 753 338 864 378; x_wconf 89' lang='grc' dir='ltr'><strong><em>ΗΜ</em></strong></span> <span class='ocrx_word' id='word_1_33' title='bbox 1454 357 1458 390; x_wconf 61' lang='lat' dir='ltr'>g</span> <span class='ocrx_word' id='word_1_34' title='bbox 1489 362 1494 382; x_wconf 73' lang='grc' dir='ltr'>ι</span> 
     </span>
    </p>
   </div>
   <div class='ocr_carea' id='block_1_3' title="bbox 152 425 1041 431">
    <p class='ocr_par' dir='ltr' id='par_1_3' title="bbox 152 425 1041 431">
     <span class='ocr_line' id='line_1_7' title="bbox 152 425 1041 431; baseline 0 0"><span class='ocrx_word' id='word_1_35' title='bbox 152 425 1041 431; x_wconf 95' lang='lat' dir='ltr'><strong><em> </em></strong></span> 
     </span>
    </p>
   </div>
   <div class='ocr_carea' id='block_1_4' title="bbox 1268 428 1473 436">
    <p class='ocr_par' dir='ltr' id='par_1_4' title="bbox 1268 428 1473 436">
     <span class='ocr_line' id='line_1_8' title="bbox 1268 428 1473 436; baseline 0 2014"><span class='ocrx_word' id='word_1_36' title='bbox 1268 428 1473 436; x_wconf 95' lang='lat' dir='ltr'><strong><em> </em></strong></span> 
     </span>
    </p>
   </div>
   <div class='ocr_carea' id='block_1_5' title="bbox 151 434 923 439">
    <p class='ocr_par' dir='ltr' id='par_1_5' title="bbox 151 434 923 439">
     <span class='ocr_line' id='line_1_9' title="bbox 151 434 923 439; baseline 0 0"><span class='ocrx_word' id='word_1_37' title='bbox 151 434 923 439; x_wconf 95' lang='lat' dir='ltr'><strong><em> </em></strong></span> 
     </span>
    </p>
   </div>
   <div class='ocr_carea' id='block_1_6' title="bbox 1268 438 1473 445">
    <p class='ocr_par' dir='ltr' id='par_1_6' title="bbox 1268 438 1473 445">
     <span class='ocr_line' id='line_1_10' title="bbox 1268 438 1473 445; baseline 0 2005"><span class='ocrx_word' id='word_1_38' title='bbox 1268 438 1473 445; x_wconf 95' lang='lat' dir='ltr'><strong><em> </em></strong></span> 
     </span>
    </p>
   </div>
   <div class='ocr_carea' id='block_1_7' title="bbox 81 487 1494 1942">
    <p class='ocr_par' dir='ltr' id='par_1_7' title="bbox 81 487 1494 1942">
     <span class='ocr_line' id='line_1_11' title="bbox 149 487 1475 547; baseline 0.005 -20"><span class='ocrx_word' id='word_1_39' title='bbox 149 487 259 541; x_wconf 79' lang='grc' dir='ltr'><strong><em>ἐχέτω</em></strong></span> <span class='ocrx_word' id='word_1_40' title='bbox 291 487 342 536; x_wconf 82' lang='grc' dir='ltr'><strong><em>ὡς</em></strong></span> <span class='ocrx_word' id='word_1_41' title='bbox 372 489 444 540; x_wconf 82' lang='grc' dir='ltr'><strong><em>τὴν</em></strong></span> <span class='ocrx_word' id='word_1_42' title='bbox 479 490 599 529; x_wconf 90' lang='grc' dir='ltr'>ΘΛΡ.</span> <span class='ocrx_word' id='word_1_43' title='bbox 647 489 728 530; x_wconf 78' lang='grc' dir='ltr'><strong><em>ἐπεὶ</em></strong></span> <span class='ocrx_word' id='word_1_44' title='bbox 762 490 807 529; x_wconf 78' lang='grc' dir='ltr'><strong><em>αἱ</em></strong></span> <span class='ocrx_word' id='word_1_45' title='bbox 835 493 939 542; x_wconf 88' lang='grc' dir='ltr'><strong><em>ΚΗ,</em></strong></span> <span class='ocrx_word' id='word_1_46' title='bbox 965 494 1042 530; x_wconf 87' lang='lat' dir='ltr'><strong><em>HA</em></strong></span> <span class='ocrx_word' id='word_1_47' title='bbox 1076 493 1159 531; x_wconf 79' lang='grc' dir='ltr'><strong><em>ἴσον</em></strong></span> <span class='ocrx_word' id='word_1_48' title='bbox 1194 491 1378 545; x_wconf 81' lang='grc' dir='ltr'><strong><em>ἀπέχουσι</em></strong></span> <span class='ocrx_word' id='word_1_49' title='bbox 1410 494 1475 547; x_wconf 76' lang='grc' dir='ltr'><strong><em>τῆς</em></strong></span> 
     </span>
     <span class='ocr_line' id='line_1_12' title="bbox 150 548 1475 605; baseline 0.004 -19"><span class='ocrx_word' id='word_1_50' title='bbox 150 550 332 598; x_wconf 88' lang='grc' dir='ltr'><strong><em>συναφῆς</em></strong></span> <span class='ocrx_word' id='word_1_51' title='bbox 358 553 426 586; x_wconf 86' lang='grc' dir='ltr'><strong><em>τοῦ</em></strong></span> <span class='ocrx_word' id='word_1_52' title='bbox 451 551 612 601; x_wconf 82' lang='grc' dir='ltr'><strong><em>θερινοῦ</em></strong></span> <span class='ocrx_word' id='word_1_53' title='bbox 637 555 835 601; x_wconf 79' lang='grc' dir='ltr'><strong><em>τροπικοῦ,</em></strong></span> <span class='ocrx_word' id='word_1_54' title='bbox 859 548 901 588; x_wconf 80' lang='grc' dir='ltr'><strong><em>ἐν</em></strong></span> <span class='ocrx_word' id='word_1_55' title='bbox 927 565 956 603; x_wconf 83' lang='grc' dir='ltr'><strong><em>ῳ</em></strong></span> <span class='ocrx_word' id='word_1_56' title='bbox 981 548 1056 602; x_wconf 70' lang='grc' dir='ltr'><strong><em>ἄρα</em></strong></span> <span class='ocrx_word' id='word_1_57' title='bbox 1079 551 1203 605; x_wconf 83' lang='grc' dir='ltr'><strong><em>χρόνῳ</em></strong></span> <span class='ocrx_word' id='word_1_58' title='bbox 1229 548 1253 601; x_wconf 81' lang='grc' dir='ltr'><em>ἡ</em></span> <span class='ocrx_word' id='word_1_59' title='bbox 1280 554 1315 590; x_wconf 94' lang='grc' dir='ltr'><em>Δ</em></span> <span class='ocrx_word' id='word_1_60' title='bbox 1323 554 1367 589; x_wconf 90' lang='grc' dir='ltr'><em>Η</em></span> <span class='ocrx_word' id='word_1_61' title='bbox 1385 550 1475 591; x_wconf 78' lang='grc' dir='ltr'><strong><em>ἄνα·</em></strong></span> 
     </span>
     <span class='ocr_line' id='line_1_13' title="bbox 149 604 1475 678; baseline 0.005 -34"><span class='ocrx_word' id='word_1_62' title='bbox 149 605 285 657; x_wconf 82' lang='grc' dir='ltr'><strong><em>τέλλει,</em></strong></span> <span class='ocrx_word' id='word_1_63' title='bbox 310 604 352 644; x_wconf 79' lang='grc' dir='ltr'><strong><em>ἐν</em></strong></span> <span class='ocrx_word' id='word_1_64' title='bbox 376 607 498 678; x_wconf 81' lang='grc' dir='ltr'><strong><em>τούτῳ</em></strong></span> <span class='ocrx_word' id='word_1_65' title='bbox 523 604 549 657; x_wconf 78' lang='grc' dir='ltr'><em>ἡ</em></span> <span class='ocrx_word' id='word_1_66' title='bbox 575 608 665 645; x_wconf 89' lang='grc' dir='ltr'><strong><em>ΚΗ</em></strong></span> <span class='ocrx_word' id='word_1_67' title='bbox 685 606 811 656; x_wconf 82' lang='grc' dir='ltr'><strong><em>δύνει,</em></strong></span> <span class='ocrx_word' id='word_1_68' title='bbox 841 606 1082 647; x_wconf 30' lang='grc' dir='ltr'><strong><em>τουτέστιὛν</em></strong></span> <span class='ocrx_word' id='word_1_69' title='bbox 1060 624 1084 658; x_wconf 83' lang='grc' dir='ltr'><strong><em>η</em></strong></span> <span class='ocrx_word' id='word_1_70' title='bbox 1111 609 1205 648; x_wconf 84' lang='grc' dir='ltr'><strong><em>ΛΘ.</em></strong></span> <span class='ocrx_word' id='word_1_71' title='bbox 1253 605 1335 648; x_wconf 83' lang='grc' dir='ltr'><strong><em>ἀλλ’</em></strong></span> <span class='ocrx_word' id='word_1_72' title='bbox 1363 608 1384 650; x_wconf 89' lang='lat'><strong><em>6</em></strong></span> <span class='ocrx_word' id='word_1_73' title='bbox 1408 607 1475 662; x_wconf 68' lang='grc' dir='ltr'><strong><em>μὲν</em></strong></span> 
     </span>
     <span class='ocr_line' id='line_1_14' title="bbox 149 657 1494 721; baseline 0.003 -19"><span class='ocrx_word' id='word_1_74' title='bbox 149 663 300 715; x_wconf 88' lang='grc' dir='ltr'><strong><em>χρόνος,</em></strong></span> <span class='ocrx_word' id='word_1_75' title='bbox 325 663 367 703; x_wconf 78' lang='grc' dir='ltr'><strong><em>ἐν</em></strong></span> <span class='ocrx_word' id='word_1_76' title='bbox 392 657 422 719; x_wconf 79' lang='grc' dir='ltr'><em>ᾦ</em></span> <span class='ocrx_word' id='word_1_77' title='bbox 449 661 473 714; x_wconf 82' lang='grc' dir='ltr'>ἡ</span> <span class='ocrx_word' id='word_1_78' title='bbox 494 667 582 703; x_wconf 91' lang='grc' dir='ltr'><em>ΔΗ</em></span> <span class='ocrx_word' id='word_1_79' title='bbox 603 663 809 718; x_wconf 83' lang='grc' dir='ltr'><strong><em>ἀνατέλλει,</em></strong></span> <span class='ocrx_word' id='word_1_80' title='bbox 835 664 855 704; x_wconf 89' lang='lat'><strong><em>6</em></strong></span> <span class='ocrx_word' id='word_1_81' title='bbox 881 666 1016 719; x_wconf 84' lang='grc' dir='ltr'><strong><em>χρόνος</em></strong></span> <span class='ocrx_word' id='word_1_82' title='bbox 1041 665 1157 718; x_wconf 76' lang='grc' dir='ltr'><strong><em>ἐστίν,</em></strong></span> <span class='ocrx_word' id='word_1_83' title='bbox 1182 660 1264 706; x_wconf 77' lang='grc' dir='ltr'><strong><em>ἐν</em></strong></span> <span class='ocrx_word' id='word_1_84' title='bbox 1241 667 1327 721; x_wconf 82' lang='grc' dir='ltr'><strong><em>ῳτὸ</em></strong></span> <span class='ocrx_word' id='word_1_85' title='bbox 1348 670 1393 706; x_wconf 90' lang='grc' dir='ltr'>Η</span> <span class='ocrx_word' id='word_1_86' title='bbox 1411 667 1494 720; x_wconf 39' lang='grc' dir='ltr'><strong><em>ἀρῶ</em></strong></span> 
     </span>
     <span class='ocr_line' id='line_1_15' title="bbox 103 721 1491 782; baseline 0.004 -21"><span class='ocrx_word' id='word_1_87' title='bbox 103 731 123 761; x_wconf 84' lang='grc'>5</span> <span class='ocrx_word' id='word_1_88' title='bbox 150 723 315 773; x_wconf 83' lang='grc' dir='ltr'><strong><em>ξάμενον</em></strong></span> <span class='ocrx_word' id='word_1_89' title='bbox 346 721 423 763; x_wconf 85' lang='grc' dir='ltr'><strong><em>ἀπὸ</em></strong></span> <span class='ocrx_word' id='word_1_90' title='bbox 448 728 518 762; x_wconf 80' lang='grc' dir='ltr'><strong><em>τοῦ</em></strong></span> <span class='ocrx_word' id='word_1_91' title='bbox 538 726 576 762; x_wconf 98' lang='lat' dir='ltr'><strong><em>A</em></strong></span> <span class='ocrx_word' id='word_1_92' title='bbox 606 722 678 773; x_wconf 76' lang='grc' dir='ltr'><strong><em>τὴν</em></strong></span> <span class='ocrx_word' id='word_1_93' title='bbox 698 725 789 762; x_wconf 91' lang='grc' dir='ltr'><em>ΛΗ</em></span> <span class='ocrx_word' id='word_1_94' title='bbox 813 723 1058 782; x_wconf 82' lang='grc' dir='ltr'><strong><em>περιφέρειαν</em></strong></span> <span class='ocrx_word' id='word_1_95' title='bbox 1090 725 1247 765; x_wconf 82' lang='grc' dir='ltr'><strong><em>διελθὸν</em></strong></span> <span class='ocrx_word' id='word_1_96' title='bbox 1278 725 1340 765; x_wconf 81' lang='grc' dir='ltr'><strong><em>ἐπὶ</em></strong></span> <span class='ocrx_word' id='word_1_97' title='bbox 1369 726 1411 767; x_wconf 85' lang='grc' dir='ltr'><strong><em>τὸ</em></strong></span> <span class='ocrx_word' id='word_1_98' title='bbox 1437 727 1491 767; x_wconf 98' lang='lat' dir='ltr'><strong><em>H</em></strong></span> 
     </span>
     <span class='ocr_line' id='line_1_16' title="bbox 149 779 1491 850; baseline 0.004 -31"><span class='ocrx_word' id='word_1_99' title='bbox 149 781 434 850; x_wconf 77' lang='grc' dir='ltr'><strong><em>παραγίγνεται,</em></strong></span> <span class='ocrx_word' id='word_1_100' title='bbox 459 779 479 820; x_wconf 89' lang='lat'><strong><em>6</em></strong></span> <span class='ocrx_word' id='word_1_101' title='bbox 505 779 545 821; x_wconf 82' lang='grc' dir='ltr'><strong><em>δὲ</em></strong></span> <span class='ocrx_word' id='word_1_102' title='bbox 571 781 719 834; x_wconf 84' lang='grc' dir='ltr'><strong><em>χρόνος,</em></strong></span> <span class='ocrx_word' id='word_1_103' title='bbox 744 782 785 821; x_wconf 81' lang='grc' dir='ltr'><strong><em>ἐν</em></strong></span> <span class='ocrx_word' id='word_1_104' title='bbox 811 782 840 837; x_wconf 77' lang='grc' dir='ltr'>ᾧ</span> <span class='ocrx_word' id='word_1_105' title='bbox 865 780 890 833; x_wconf 73' lang='grc' dir='ltr'><strong><em>’ἡ</em></strong></span> <span class='ocrx_word' id='word_1_106' title='bbox 910 783 995 822; x_wconf 88' lang='grc' dir='ltr'><strong><em>ΛΘ</em></strong></span> <span class='ocrx_word' id='word_1_107' title='bbox 1019 782 1184 835; x_wconf 79' lang='grc' dir='ltr'><strong><em>δύνει,</em></strong></span> <span class='ocrx_word' id='word_1_108' title='bbox 1167 799 1186 822; x_wconf 95' lang='grc' dir='ltr'><strong><em>ο</em></strong></span> <span class='ocrx_word' id='word_1_109' title='bbox 1206 783 1343 836; x_wconf 85' lang='grc' dir='ltr'><strong><em>χρόνος</em></strong></span> <span class='ocrx_word' id='word_1_110' title='bbox 1361 783 1491 835; x_wconf 63' lang='grc' dir='ltr'><strong><em>ἐστίν</em></strong></span> 
     </span>
     <span class='ocr_line' id='line_1_17' title="bbox 149 823 1491 894; baseline 0.004 -16"><span class='ocrx_word' id='word_1_111' title='bbox 149 838 191 878; x_wconf 80' lang='grc' dir='ltr'><strong><em>ἐν</em></strong></span> <span class='ocrx_word' id='word_1_112' title='bbox 216 830 246 893; x_wconf 79' lang='grc' dir='ltr'><strong><em>ᾧ</em></strong></span> <span class='ocrx_word' id='word_1_113' title='bbox 266 839 308 879; x_wconf 89' lang='grc' dir='ltr'><strong><em>τὸ</em></strong></span> <span class='ocrx_word' id='word_1_114' title='bbox 328 843 368 877; x_wconf 98' lang='grc' dir='ltr'><em>Λ</em></span> <span class='ocrx_word' id='word_1_115' title='bbox 391 838 646 892; x_wconf 82' lang='grc' dir='ltr'><strong><em>ἀρξάμενον’</em></strong></span> <span class='ocrx_word' id='word_1_116' title='bbox 626 839 702 880; x_wconf 89' lang='grc' dir='ltr'><strong><em>απὸ</em></strong></span> <span class='ocrx_word' id='word_1_117' title='bbox 721 855 790 879; x_wconf 84' lang='grc' dir='ltr'><strong><em>τον</em></strong></span> <span class='ocrx_word' id='word_1_118' title='bbox 809 823 850 879; x_wconf 88' lang='lat' dir='ltr'><em>A</em></span> <span class='ocrx_word' id='word_1_119' title='bbox 868 840 939 892; x_wconf 84' lang='grc' dir='ltr'><strong><em>τὴν</em></strong></span> <span class='ocrx_word' id='word_1_120' title='bbox 958 843 1036 880; x_wconf 92' lang='grc' dir='ltr'><strong><em>ΛΒ</em></strong></span> <span class='ocrx_word' id='word_1_121' title='bbox 1056 841 1301 894; x_wconf 84' lang='grc' dir='ltr'><strong><em>περιφέρειαν</em></strong></span> <span class='ocrx_word' id='word_1_122' title='bbox 1320 842 1491 885; x_wconf 65' lang='grc' dir='ltr'><strong><em>διελθὸν»</em></strong></span> 
     </span>
     <span class='ocr_line' id='line_1_18' title="bbox 149 896 1474 954; baseline 0.003 -18"><span class='ocrx_word' id='word_1_123' title='bbox 149 896 212 936; x_wconf 76' lang='grc' dir='ltr'><strong><em>ἐπὶ</em></strong></span> <span class='ocrx_word' id='word_1_124' title='bbox 235 897 277 937; x_wconf 90' lang='grc' dir='ltr'><strong><em>τὸ</em></strong></span> <span class='ocrx_word' id='word_1_125' title='bbox 302 900 333 936; x_wconf 91' lang='grc' dir='ltr'><strong><em>Β</em></strong></span> <span class='ocrx_word' id='word_1_126' title='bbox 358 898 653 951; x_wconf 76' lang='grc' dir='ltr'><strong><em>παραγίγνεται·</em></strong></span> <span class='ocrx_word' id='word_1_127' title='bbox 684 898 726 938; x_wconf 74' lang='grc' dir='ltr'><strong><em>ἐν</em></strong></span> <span class='ocrx_word' id='word_1_128' title='bbox 752 913 781 937; x_wconf 88' lang='grc' dir='ltr'><em>ω</em></span> <span class='ocrx_word' id='word_1_129' title='bbox 806 897 881 952; x_wconf 73' lang='grc' dir='ltr'><strong><em>ἄρα</em></strong></span> <span class='ocrx_word' id='word_1_130' title='bbox 905 899 1028 954; x_wconf 80' lang='grc' dir='ltr'><strong><em>χρόνῳ</em></strong></span> <span class='ocrx_word' id='word_1_131' title='bbox 1053 900 1094 940; x_wconf 92' lang='grc' dir='ltr'><strong><em>τὸ</em></strong></span> <span class='ocrx_word' id='word_1_132' title='bbox 1120 902 1166 938; x_wconf 91' lang='grc' dir='ltr'><em>Η</em></span> <span class='ocrx_word' id='word_1_133' title='bbox 1185 916 1256 951; x_wconf 84' lang='grc' dir='ltr'><strong><em>την</em></strong></span> <span class='ocrx_word' id='word_1_134' title='bbox 1270 903 1359 939; x_wconf 92' lang='lat' dir='ltr'><em>AH</em></span> <span class='ocrx_word' id='word_1_135' title='bbox 1379 901 1474 952; x_wconf 55' lang='grc' dir='ltr'><strong><em>διελς·</em></strong></span> 
     </span>
     <span class='ocr_line' id='line_1_19' title="bbox 150 955 1474 1013; baseline 0.003 -19"><span class='ocrx_word' id='word_1_136' title='bbox 150 955 229 995; x_wconf 90' lang='grc' dir='ltr'><strong><em>θὸν</em></strong></span> <span class='ocrx_word' id='word_1_137' title='bbox 253 955 316 995; x_wconf 81' lang='grc' dir='ltr'><strong><em>ἐπὶ</em></strong></span> <span class='ocrx_word' id='word_1_138' title='bbox 340 956 382 996; x_wconf 91' lang='grc' dir='ltr'><strong><em>τὸ</em></strong></span> <span class='ocrx_word' id='word_1_139' title='bbox 403 959 447 994; x_wconf 89' lang='grc' dir='ltr'><em>Η</em></span> <span class='ocrx_word' id='word_1_140' title='bbox 466 957 752 1009; x_wconf 86' lang='grc' dir='ltr'><strong><em>παραγίγνεται,</em></strong></span> <span class='ocrx_word' id='word_1_141' title='bbox 777 955 818 996; x_wconf 78' lang='grc' dir='ltr'><strong><em>ἐν</em></strong></span> <span class='ocrx_word' id='word_1_142' title='bbox 843 957 965 997; x_wconf 82' lang='grc' dir='ltr'><strong><em>τούτω</em></strong></span> <span class='ocrx_word' id='word_1_143' title='bbox 983 956 1048 997; x_wconf 83' lang='grc' dir='ltr'><strong><em>καὶ</em></strong></span> <span class='ocrx_word' id='word_1_144' title='bbox 1066 958 1107 998; x_wconf 88' lang='grc' dir='ltr'><strong><em>τὸ</em></strong></span> <span class='ocrx_word' id='word_1_145' title='bbox 1127 961 1167 996; x_wconf 93' lang='grc' dir='ltr'><em>Λ</em></span> <span class='ocrx_word' id='word_1_146' title='bbox 1185 958 1256 1008; x_wconf 82' lang='grc' dir='ltr'><strong><em>τὴν</em></strong></span> <span class='ocrx_word' id='word_1_147' title='bbox 1275 962 1315 996; x_wconf 96' lang='grc' dir='ltr'><em>Λ</em></span> <span class='ocrx_word' id='word_1_148' title='bbox 1323 961 1353 997; x_wconf 92' lang='grc' dir='ltr'><em>Β</em></span> <span class='ocrx_word' id='word_1_149' title='bbox 1372 973 1474 1013; x_wconf 55' lang='grc' dir='ltr'><strong><em>περιῆν</em></strong></span> 
     </span>
     <span class='ocr_line' id='line_1_20' title="bbox 87 1007 1494 1085; baseline 0.003 -33"><span class='ocrx_word' id='word_1_150' title='bbox 87 1022 128 1053; x_wconf 91' lang='grc'><strong><em>10</em></strong></span> <span class='ocrx_word' id='word_1_151' title='bbox 154 1012 311 1085; x_wconf 82' lang='grc' dir='ltr'><strong><em>φέρειαν</em></strong></span> <span class='ocrx_word' id='word_1_152' title='bbox 337 1014 496 1054; x_wconf 78' lang='grc' dir='ltr'><strong><em>διελθὸν</em></strong></span> <span class='ocrx_word' id='word_1_153' title='bbox 521 1014 583 1054; x_wconf 79' lang='grc' dir='ltr'><strong><em>ἐπὶ</em></strong></span> <span class='ocrx_word' id='word_1_154' title='bbox 607 1014 648 1055; x_wconf 84' lang='grc' dir='ltr'><strong><em>τὸ</em></strong></span> <span class='ocrx_word' id='word_1_155' title='bbox 674 1017 706 1053; x_wconf 91' lang='grc' dir='ltr'><strong><em>Β</em></strong></span> <span class='ocrx_word' id='word_1_156' title='bbox 730 1015 1012 1068; x_wconf 84' lang='grc' dir='ltr'><strong><em>παραγίγνεται.</em></strong></span> <span class='ocrx_word' id='word_1_157' title='bbox 1043 1016 1175 1063; x_wconf 83' lang='grc' dir='ltr'><strong><em>κοινὸς</em></strong></span> <span class='ocrx_word' id='word_1_158' title='bbox 1193 1017 1436 1069; x_wconf 80' lang='grc' dir='ltr'><strong><em>προσκείσθω</em></strong></span> <span class='ocrx_word' id='word_1_159' title='bbox 1453 1007 1494 1063; x_wconf 57' lang='grc' dir='ltr'><strong><em>εξ</em></strong></span> 
     </span>
     <span class='ocr_line' id='line_1_21' title="bbox 150 1064 1475 1128; baseline 0.002 -17"><span class='ocrx_word' id='word_1_160' title='bbox 150 1072 307 1124; x_wconf 87' lang='grc' dir='ltr'><strong><em>χρόνος,</em></strong></span> <span class='ocrx_word' id='word_1_161' title='bbox 336 1071 379 1112; x_wconf 80' lang='grc' dir='ltr'><strong><em>ἕν</em></strong></span> <span class='ocrx_word' id='word_1_162' title='bbox 404 1064 434 1128; x_wconf 76' lang='grc' dir='ltr'><strong><em>ᾧ</em></strong></span> <span class='ocrx_word' id='word_1_163' title='bbox 459 1073 501 1113; x_wconf 88' lang='grc' dir='ltr'><strong><em>τὸ</em></strong></span> <span class='ocrx_word' id='word_1_164' title='bbox 525 1076 562 1112; x_wconf 98' lang='lat' dir='ltr'><strong><em>A</em></strong></span> <span class='ocrx_word' id='word_1_165' title='bbox 591 1072 806 1125; x_wconf 80' lang='grc' dir='ltr'><strong><em>ἀρξάμενον</em></strong></span> <span class='ocrx_word' id='word_1_166' title='bbox 830 1072 906 1114; x_wconf 81' lang='grc' dir='ltr'><strong><em>ἀπὸ</em></strong></span> <span class='ocrx_word' id='word_1_167' title='bbox 931 1080 999 1113; x_wconf 79' lang='grc' dir='ltr'><strong><em>τοῦ</em></strong></span> <span class='ocrx_word' id='word_1_168' title='bbox 1023 1078 1059 1113; x_wconf 95' lang='lat' dir='ltr'><strong><em>A</em></strong></span> <span class='ocrx_word' id='word_1_169' title='bbox 1089 1074 1159 1125; x_wconf 83' lang='grc' dir='ltr'><strong><em>τὴν</em></strong></span> <span class='ocrx_word' id='word_1_170' title='bbox 1186 1076 1343 1114; x_wconf 81' lang='grc' dir='ltr'>ΔΡΚΘ</span> <span class='ocrx_word' id='word_1_171' title='bbox 1372 1089 1475 1128; x_wconf 81' lang='grc' dir='ltr'><strong><em>περι-</em></strong></span> 
     </span>
     <span class='ocr_line' id='line_1_22' title="bbox 151 1119 1494 1204; baseline 0.002 -35"><span class='ocrx_word' id='word_1_172' title='bbox 151 1129 310 1183; x_wconf 85' lang='grc' dir='ltr'><strong><em>φέρειαν</em></strong></span> <span class='ocrx_word' id='word_1_173' title='bbox 335 1130 493 1171; x_wconf 79' lang='grc' dir='ltr'><strong><em>διελθὸν</em></strong></span> <span class='ocrx_word' id='word_1_174' title='bbox 518 1130 582 1170; x_wconf 80' lang='grc' dir='ltr'><strong><em>ἐπι</em></strong></span> <span class='ocrx_word' id='word_1_175' title='bbox 605 1131 647 1171; x_wconf 91' lang='grc' dir='ltr'><strong><em>τὸ</em></strong></span> <span class='ocrx_word' id='word_1_176' title='bbox 676 1132 709 1170; x_wconf 91' lang='grc' dir='ltr'>Θ</span> <span class='ocrx_word' id='word_1_177' title='bbox 733 1132 1029 1204; x_wconf 84' lang='grc' dir='ltr'><strong><em>παραγίγνεται·</em></strong></span> <span class='ocrx_word' id='word_1_178' title='bbox 1061 1131 1120 1172; x_wconf 87' lang='lat'><strong><em>6&#39;</em></strong></span> <span class='ocrx_word' id='word_1_179' title='bbox 1105 1131 1178 1184; x_wconf 75' lang='grc' dir='ltr'><strong><em>ἄρα</em></strong></span> <span class='ocrx_word' id='word_1_180' title='bbox 1203 1133 1354 1186; x_wconf 89' lang='grc' dir='ltr'><strong><em>χρόνος,</em></strong></span> <span class='ocrx_word' id='word_1_181' title='bbox 1377 1130 1420 1172; x_wconf 77' lang='grc' dir='ltr'><strong><em>ἐν</em></strong></span> <span class='ocrx_word' id='word_1_182' title='bbox 1444 1119 1491 1189; x_wconf 58' lang='lat' dir='ltr'><strong><em>&lt;f</em></strong></span> <span class='ocrx_word' id='word_1_183' title='bbox 1487 1139 1494 1190; x_wconf 65' lang='lat' dir='ltr'><strong><em>“j</em></strong></span> 
     </span>
     <span class='ocr_line' id='line_1_23' title="bbox 148 1182 1494 1261; baseline 0.003 -34"><span class='ocrx_word' id='word_1_184' title='bbox 148 1188 190 1229; x_wconf 89' lang='grc' dir='ltr'><strong><em>τὸ</em></strong></span> <span class='ocrx_word' id='word_1_185' title='bbox 216 1191 262 1227; x_wconf 90' lang='grc' dir='ltr'><em>Η</em></span> <span class='ocrx_word' id='word_1_186' title='bbox 280 1187 496 1241; x_wconf 80' lang='grc' dir='ltr'><strong><em>ἀρξάμενον</em></strong></span> <span class='ocrx_word' id='word_1_187' title='bbox 521 1188 597 1230; x_wconf 84' lang='grc' dir='ltr'><strong><em>ἀπὸ</em></strong></span> <span class='ocrx_word' id='word_1_188' title='bbox 623 1195 691 1230; x_wconf 85' lang='grc' dir='ltr'><strong><em>τοῦ</em></strong></span> <span class='ocrx_word' id='word_1_189' title='bbox 706 1192 745 1228; x_wconf 92' lang='grc' dir='ltr'><em>Α</em></span> <span class='ocrx_word' id='word_1_190' title='bbox 769 1189 839 1241; x_wconf 81' lang='grc' dir='ltr'><strong><em>τὴν</em></strong></span> <span class='ocrx_word' id='word_1_191' title='bbox 854 1192 945 1229; x_wconf 90' lang='grc' dir='ltr'><em>ΑΗ</em></span> <span class='ocrx_word' id='word_1_192' title='bbox 962 1189 1209 1261; x_wconf 79' lang='grc' dir='ltr'><strong><em>περιφέρειαν</em></strong></span> <span class='ocrx_word' id='word_1_193' title='bbox 1237 1191 1395 1231; x_wconf 82' lang='grc' dir='ltr'><strong><em>διελθὸν</em></strong></span> <span class='ocrx_word' id='word_1_194' title='bbox 1413 1182 1494 1247; x_wconf 52' lang='grc' dir='ltr'><strong><em>ε’πέἕ</em></strong></span> 
     </span>
     <span class='ocr_line' id='line_1_24' title="bbox 149 1242 1494 1319; baseline 0.003 -33"><span class='ocrx_word' id='word_1_195' title='bbox 149 1246 191 1286; x_wconf 89' lang='grc' dir='ltr'><strong><em>τὸ</em></strong></span> <span class='ocrx_word' id='word_1_196' title='bbox 216 1249 263 1286; x_wconf 89' lang='grc' dir='ltr'><em>Η</em></span> <span class='ocrx_word' id='word_1_197' title='bbox 286 1248 579 1319; x_wconf 85' lang='grc' dir='ltr'><strong><em>παραγίγνεται,</em></strong></span> <span class='ocrx_word' id='word_1_198' title='bbox 611 1248 702 1299; x_wconf 85' lang='grc' dir='ltr'><strong><em>μετὰ</em></strong></span> <span class='ocrx_word' id='word_1_199' title='bbox 726 1254 795 1287; x_wconf 82' lang='grc' dir='ltr'><strong><em>τοῦ</em></strong></span> <span class='ocrx_word' id='word_1_200' title='bbox 819 1249 979 1301; x_wconf 89' lang='grc' dir='ltr'><strong><em>χρόνου,</em></strong></span> <span class='ocrx_word' id='word_1_201' title='bbox 1010 1245 1053 1288; x_wconf 80' lang='grc' dir='ltr'><strong><em>ἐν</em></strong></span> <span class='ocrx_word' id='word_1_202' title='bbox 1077 1242 1107 1304; x_wconf 77' lang='grc' dir='ltr'><em>ᾧ</em></span> <span class='ocrx_word' id='word_1_203' title='bbox 1128 1249 1170 1289; x_wconf 85' lang='grc' dir='ltr'><strong><em>τὸ</em></strong></span> <span class='ocrx_word' id='word_1_204' title='bbox 1195 1252 1231 1288; x_wconf 95' lang='lat' dir='ltr'><strong><em>A</em></strong></span> <span class='ocrx_word' id='word_1_205' title='bbox 1261 1248 1494 1312; x_wconf 59' lang='grc' dir='ltr'><strong><em>ἀρξάμενονῇ</em></strong></span> 
     </span>
     <span class='ocr_line' id='line_1_25' title="bbox 86 1288 1494 1376; baseline 0.002 -32"><span class='ocrx_word' id='word_1_206' title='bbox 86 1314 126 1344; x_wconf 80' lang='lat'><strong><em>15</em></strong></span> <span class='ocrx_word' id='word_1_207' title='bbox 153 1304 229 1345; x_wconf 83' lang='grc' dir='ltr'><strong><em>ἀπὸ</em></strong></span> <span class='ocrx_word' id='word_1_208' title='bbox 254 1311 323 1345; x_wconf 84' lang='grc' dir='ltr'><strong><em>τοῦ</em></strong></span> <span class='ocrx_word' id='word_1_209' title='bbox 342 1309 378 1345; x_wconf 96' lang='lat' dir='ltr'><em>A</em></span> <span class='ocrx_word' id='word_1_210' title='bbox 401 1306 473 1356; x_wconf 86' lang='grc' dir='ltr'><strong><em>τὴν</em></strong></span> <span class='ocrx_word' id='word_1_211' title='bbox 491 1307 571 1345; x_wconf 89' lang='grc' dir='ltr'><strong><em>ΔΘ</em></strong></span> <span class='ocrx_word' id='word_1_212' title='bbox 594 1306 840 1376; x_wconf 86' lang='grc' dir='ltr'><strong><em>περιφέρειαν</em></strong></span> <span class='ocrx_word' id='word_1_213' title='bbox 865 1306 1024 1346; x_wconf 86' lang='grc' dir='ltr'><strong><em>διελθὸν</em></strong></span> <span class='ocrx_word' id='word_1_214' title='bbox 1048 1288 1112 1346; x_wconf 76' lang='grc' dir='ltr'><strong><em>ἐπὶ</em></strong></span> <span class='ocrx_word' id='word_1_215' title='bbox 1131 1306 1172 1346; x_wconf 90' lang='grc' dir='ltr'><strong><em>τὸ</em></strong></span> <span class='ocrx_word' id='word_1_216' title='bbox 1196 1309 1228 1346; x_wconf 92' lang='grc' dir='ltr'>Θ</span> <span class='ocrx_word' id='word_1_217' title='bbox 1246 1308 1494 1360; x_wconf 70' lang='grc' dir='ltr'><strong><em>παραγίγνε-ἒῖ</em></strong></span> 
     </span>
     <span class='ocr_line' id='line_1_26' title="bbox 149 1358 1494 1427; baseline 0.002 -24"><span class='ocrx_word' id='word_1_218' title='bbox 149 1379 223 1415; x_wconf 88' lang='grc' dir='ltr'><strong><em>ται,</em></strong></span> <span class='ocrx_word' id='word_1_219' title='bbox 250 1364 331 1411; x_wconf 87' lang='grc' dir='ltr'><strong><em>ἴσος</em></strong></span> <span class='ocrx_word' id='word_1_220' title='bbox 355 1359 435 1404; x_wconf 86' lang='grc' dir='ltr'><strong><em>ε’στὶ</em></strong></span> <span class='ocrx_word' id='word_1_221' title='bbox 459 1369 510 1419; x_wconf 83' lang='grc' dir='ltr'><strong><em>τῷ</em></strong></span> <span class='ocrx_word' id='word_1_222' title='bbox 531 1364 669 1418; x_wconf 83' lang='grc' dir='ltr'><strong><em>χρόνῳ,</em></strong></span> <span class='ocrx_word' id='word_1_223' title='bbox 694 1361 737 1403; x_wconf 84' lang='grc' dir='ltr'><strong><em>ἒν</em></strong></span> <span class='ocrx_word' id='word_1_224' title='bbox 761 1358 791 1419; x_wconf 79' lang='grc' dir='ltr'><em>ᾧ</em></span> <span class='ocrx_word' id='word_1_225' title='bbox 805 1364 847 1404; x_wconf 90' lang='grc' dir='ltr'><strong><em>τὸ</em></strong></span> <span class='ocrx_word' id='word_1_226' title='bbox 866 1368 907 1403; x_wconf 92' lang='lat' dir='ltr'><strong><em>A</em></strong></span> <span class='ocrx_word' id='word_1_227' title='bbox 926 1364 1143 1418; x_wconf 78' lang='grc' dir='ltr'><strong><em>ἀρξάμενον</em></strong></span> <span class='ocrx_word' id='word_1_228' title='bbox 1162 1364 1238 1406; x_wconf 82' lang='grc' dir='ltr'><strong><em>ἀπὸ</em></strong></span> <span class='ocrx_word' id='word_1_229' title='bbox 1258 1371 1326 1406; x_wconf 84' lang='grc' dir='ltr'><strong><em>τοῦ</em></strong></span> <span class='ocrx_word' id='word_1_230' title='bbox 1346 1369 1386 1404; x_wconf 98' lang='lat' dir='ltr'><strong><em>A</em></strong></span> <span class='ocrx_word' id='word_1_231' title='bbox 1403 1364 1494 1427; x_wconf 49' lang='grc' dir='ltr'><strong><em>τὴνῇ</em></strong></span> 
     </span>
     <span class='ocr_line' id='line_1_27' title="bbox 149 1404 1494 1493; baseline 0.001 -32"><span class='ocrx_word' id='word_1_232' title='bbox 149 1424 227 1460; x_wconf 93' lang='grc' dir='ltr'><strong><em>ΛΒ</em></strong></span> <span class='ocrx_word' id='word_1_233' title='bbox 263 1421 510 1493; x_wconf 83' lang='grc' dir='ltr'><strong><em>περιφέρειαν</em></strong></span> <span class='ocrx_word' id='word_1_234' title='bbox 547 1421 704 1462; x_wconf 86' lang='grc' dir='ltr'><strong><em>διελθὸν</em></strong></span> <span class='ocrx_word' id='word_1_235' title='bbox 737 1404 802 1462; x_wconf 76' lang='grc' dir='ltr'><strong><em>ἐπὶ</em></strong></span> <span class='ocrx_word' id='word_1_236' title='bbox 835 1423 877 1463; x_wconf 87' lang='grc' dir='ltr'><strong><em>τὸ</em></strong></span> <span class='ocrx_word' id='word_1_237' title='bbox 910 1426 942 1462; x_wconf 90' lang='grc' dir='ltr'>Β</span> <span class='ocrx_word' id='word_1_238' title='bbox 976 1424 1249 1476; x_wconf 86' lang='grc' dir='ltr'><strong><em>παραγίγνεται</em></strong></span> <span class='ocrx_word' id='word_1_239' title='bbox 1283 1424 1375 1475; x_wconf 86' lang='grc' dir='ltr'><strong><em>μετὰ</em></strong></span> <span class='ocrx_word' id='word_1_240' title='bbox 1407 1421 1494 1471; x_wconf 60' lang='lat' dir='ltr'><strong><em>roff!</em></strong></span> 
     </span>
     <span class='ocr_line' id='line_1_28' title="bbox 147 1473 1473 1536; baseline 0.002 -17"><span class='ocrx_word' id='word_1_241' title='bbox 147 1479 304 1532; x_wconf 88' lang='grc' dir='ltr'><strong><em>χρόνου,</em></strong></span> <span class='ocrx_word' id='word_1_242' title='bbox 336 1476 381 1520; x_wconf 81' lang='grc' dir='ltr'><strong><em>ἔν</em></strong></span> <span class='ocrx_word' id='word_1_243' title='bbox 417 1473 447 1536; x_wconf 79' lang='grc' dir='ltr'><em>ᾧ</em></span> <span class='ocrx_word' id='word_1_244' title='bbox 479 1481 522 1520; x_wconf 87' lang='grc' dir='ltr'><strong><em>τὸ</em></strong></span> <span class='ocrx_word' id='word_1_245' title='bbox 551 1483 584 1520; x_wconf 90' lang='grc' dir='ltr'>Θ</span> <span class='ocrx_word' id='word_1_246' title='bbox 617 1480 835 1533; x_wconf 80' lang='grc' dir='ltr'><strong><em>ἀρξάμενον</em></strong></span> <span class='ocrx_word' id='word_1_247' title='bbox 860 1480 936 1521; x_wconf 84' lang='grc' dir='ltr'><strong><em>ἀπὸ</em></strong></span> <span class='ocrx_word' id='word_1_248' title='bbox 961 1488 1030 1521; x_wconf 82' lang='grc' dir='ltr'><strong><em>τοῦ</em></strong></span> <span class='ocrx_word' id='word_1_249' title='bbox 1056 1485 1092 1520; x_wconf 93' lang='lat' dir='ltr'><em>A</em></span> <span class='ocrx_word' id='word_1_250' title='bbox 1126 1482 1197 1533; x_wconf 83' lang='grc' dir='ltr'><strong><em>τὴν</em></strong></span> <span class='ocrx_word' id='word_1_251' title='bbox 1221 1484 1345 1521; x_wconf 88' lang='grc' dir='ltr'><strong><em>ΔΚΘ</em></strong></span> <span class='ocrx_word' id='word_1_252' title='bbox 1368 1497 1473 1535; x_wconf 82' lang='grc' dir='ltr'><strong><em>περι-</em></strong></span> 
     </span>
     <span class='ocr_line' id='line_1_29' title="bbox 149 1521 1494 1609; baseline 0.002 -32"><span class='ocrx_word' id='word_1_253' title='bbox 149 1537 310 1609; x_wconf 85' lang='grc' dir='ltr'><strong><em>φέρειαν</em></strong></span> <span class='ocrx_word' id='word_1_254' title='bbox 332 1521 491 1578; x_wconf 76' lang='grc' dir='ltr'><strong><em>διελθὸν</em></strong></span> <span class='ocrx_word' id='word_1_255' title='bbox 516 1536 580 1578; x_wconf 77' lang='grc' dir='ltr'><strong><em>ἐπὶ</em></strong></span> <span class='ocrx_word' id='word_1_256' title='bbox 603 1536 645 1578; x_wconf 86' lang='grc' dir='ltr'><strong><em>τὸ</em></strong></span> <span class='ocrx_word' id='word_1_257' title='bbox 675 1540 707 1578; x_wconf 91' lang='grc' dir='ltr'>Θ</span> <span class='ocrx_word' id='word_1_258' title='bbox 731 1540 1014 1593; x_wconf 29' lang='grc' dir='ltr'><strong><em>παραγίγνᾘεται</em></strong></span> <span class='ocrx_word' id='word_1_259' title='bbox 1062 1536 1144 1579; x_wconf 81' lang='grc' dir='ltr'><strong><em>ἀλλ’</em></strong></span> <span class='ocrx_word' id='word_1_260' title='bbox 1173 1539 1194 1580; x_wconf 96' lang='lat'><strong><em>6</em></strong></span> <span class='ocrx_word' id='word_1_261' title='bbox 1226 1539 1295 1592; x_wconf 79' lang='grc' dir='ltr'><strong><em>μὲν</em></strong></span> <span class='ocrx_word' id='word_1_262' title='bbox 1326 1526 1494 1593; x_wconf 67' lang='grc' dir='ltr'><strong><em>χρόνος,1’</em></strong></span> 
     </span>
     <span class='ocr_line' id='line_1_30' title="bbox 81 1592 1494 1668; baseline 0.002 -33"><span class='ocrx_word' id='word_1_263' title='bbox 81 1603 125 1634; x_wconf 77' lang='lat'><strong><em>20</em></strong></span> <span class='ocrx_word' id='word_1_264' title='bbox 149 1592 194 1636; x_wconf 82' lang='grc' dir='ltr'><strong><em>ἒν</em></strong></span> <span class='ocrx_word' id='word_1_265' title='bbox 219 1597 249 1652; x_wconf 81' lang='grc' dir='ltr'><em>ᾡ</em></span> <span class='ocrx_word' id='word_1_266' title='bbox 274 1595 315 1636; x_wconf 85' lang='grc' dir='ltr'><strong><em>τὸ</em></strong></span> <span class='ocrx_word' id='word_1_267' title='bbox 336 1600 378 1635; x_wconf 91' lang='grc' dir='ltr'><em>Η</em></span> <span class='ocrx_word' id='word_1_268' title='bbox 400 1596 613 1648; x_wconf 77' lang='grc' dir='ltr'><strong><em>ἀρξαμενον</em></strong></span> <span class='ocrx_word' id='word_1_269' title='bbox 633 1594 709 1636; x_wconf 81' lang='grc' dir='ltr'><strong><em>ἀπὸ</em></strong></span> <span class='ocrx_word' id='word_1_270' title='bbox 728 1603 796 1636; x_wconf 79' lang='grc' dir='ltr'><strong><em>τοῦ</em></strong></span> <span class='ocrx_word' id='word_1_271' title='bbox 811 1600 849 1636; x_wconf 94' lang='lat' dir='ltr'><em>A</em></span> <span class='ocrx_word' id='word_1_272' title='bbox 866 1597 937 1648; x_wconf 82' lang='grc' dir='ltr'><strong><em>τὴν</em></strong></span> <span class='ocrx_word' id='word_1_273' title='bbox 952 1601 1042 1637; x_wconf 89' lang='lat' dir='ltr'><em>AH</em></span> <span class='ocrx_word' id='word_1_274' title='bbox 1054 1597 1298 1668; x_wconf 81' lang='grc' dir='ltr'><strong><em>περιφέρειαν</em></strong></span> <span class='ocrx_word' id='word_1_275' title='bbox 1317 1595 1476 1639; x_wconf 77' lang='grc' dir='ltr'><strong><em>διελθον</em></strong></span> <span class='ocrx_word' id='word_1_276' title='bbox 1486 1605 1494 1638; x_wconf 74' lang='grc'><strong><em>1,</em></strong></span> 
     </span>
     <span class='ocr_line' id='line_1_31' title="bbox 149 1638 1494 1727; baseline 0.001 -33"><span class='ocrx_word' id='word_1_277' title='bbox 149 1638 234 1694; x_wconf 81' lang='grc' dir='ltr'><strong><em>ἐπὶ</em></strong></span> <span class='ocrx_word' id='word_1_278' title='bbox 237 1652 278 1694; x_wconf 91' lang='grc' dir='ltr'><strong><em>τὸ</em></strong></span> <span class='ocrx_word' id='word_1_279' title='bbox 306 1658 349 1693; x_wconf 90' lang='grc' dir='ltr'><em>Η</em></span> <span class='ocrx_word' id='word_1_280' title='bbox 371 1656 657 1709; x_wconf 83' lang='grc' dir='ltr'><strong><em>παραγίγνεται,</em></strong></span> <span class='ocrx_word' id='word_1_281' title='bbox 683 1655 774 1707; x_wconf 81' lang='grc' dir='ltr'><strong><em>μετὰ</em></strong></span> <span class='ocrx_word' id='word_1_282' title='bbox 798 1662 867 1695; x_wconf 84' lang='grc' dir='ltr'><strong><em>τοῦ</em></strong></span> <span class='ocrx_word' id='word_1_283' title='bbox 892 1656 1044 1708; x_wconf 89' lang='grc' dir='ltr'><strong><em>χρόνου,</em></strong></span> <span class='ocrx_word' id='word_1_284' title='bbox 1069 1652 1113 1695; x_wconf 78' lang='grc' dir='ltr'><strong><em>ἓν</em></strong></span> <span class='ocrx_word' id='word_1_285' title='bbox 1138 1656 1167 1727; x_wconf 77' lang='grc' dir='ltr'><em>ᾧ</em></span> <span class='ocrx_word' id='word_1_286' title='bbox 1193 1654 1234 1695; x_wconf 88' lang='grc' dir='ltr'><strong><em>τὸ</em></strong></span> <span class='ocrx_word' id='word_1_287' title='bbox 1253 1661 1288 1696; x_wconf 92' lang='lat' dir='ltr'><em>A</em></span> <span class='ocrx_word' id='word_1_288' title='bbox 1313 1655 1489 1710; x_wconf 52' lang='lat' dir='ltr'><strong><em>&amp;egomt-³</em></strong></span> <span class='ocrx_word' id='word_1_289' title='bbox 1487 1693 1494 1716; x_wconf 38' lang='grc' dir='ltr'><em>ι</em></span> 
     </span>
     <span class='ocr_line' id='line_1_32' title="bbox 149 1710 1489 1786; baseline 0.001 -33"><span class='ocrx_word' id='word_1_290' title='bbox 149 1729 221 1753; x_wconf 88' lang='grc' dir='ltr'><strong><em>νον</em></strong></span> <span class='ocrx_word' id='word_1_291' title='bbox 246 1710 323 1753; x_wconf 81' lang='grc' dir='ltr'><strong><em>ἀπὸ</em></strong></span> <span class='ocrx_word' id='word_1_292' title='bbox 348 1720 416 1754; x_wconf 88' lang='grc' dir='ltr'><strong><em>τοῦ</em></strong></span> <span class='ocrx_word' id='word_1_293' title='bbox 436 1717 472 1753; x_wconf 96' lang='grc' dir='ltr'><em>Δ</em></span> <span class='ocrx_word' id='word_1_294' title='bbox 496 1714 567 1765; x_wconf 82' lang='grc' dir='ltr'><strong><em>τὴν</em></strong></span> <span class='ocrx_word' id='word_1_295' title='bbox 586 1715 666 1753; x_wconf 90' lang='grc' dir='ltr'><strong><em>ΔΘ</em></strong></span> <span class='ocrx_word' id='word_1_296' title='bbox 689 1712 935 1786; x_wconf 80' lang='grc' dir='ltr'><strong><em>περιφέρειαν</em></strong></span> <span class='ocrx_word' id='word_1_297' title='bbox 961 1712 1119 1754; x_wconf 86' lang='grc' dir='ltr'><strong><em>διελθὸν</em></strong></span> <span class='ocrx_word' id='word_1_298' title='bbox 1145 1711 1209 1754; x_wconf 78' lang='grc' dir='ltr'><strong><em>ἐπὶ</em></strong></span> <span class='ocrx_word' id='word_1_299' title='bbox 1234 1712 1275 1753; x_wconf 87' lang='grc' dir='ltr'><strong>τό</strong></span> <span class='ocrx_word' id='word_1_300' title='bbox 1301 1716 1333 1753; x_wconf 90' lang='grc' dir='ltr'>Θ</span> <span class='ocrx_word' id='word_1_301' title='bbox 1351 1725 1489 1768; x_wconf 65' lang='lat' dir='ltr'><strong><em>napa-3</em></strong></span> 
     </span>
     <span class='ocr_line' id='line_1_33' title="bbox 148 1768 1489 1843; baseline 0.001 -32"><span class='ocrx_word' id='word_1_302' title='bbox 148 1772 335 1824; x_wconf 88' lang='grc' dir='ltr'><strong><em>γίγνεται,</em></strong></span> <span class='ocrx_word' id='word_1_303' title='bbox 367 1771 386 1811; x_wconf 88' lang='grc' dir='ltr'>ὁ</span> <span class='ocrx_word' id='word_1_304' title='bbox 418 1772 555 1824; x_wconf 88' lang='grc' dir='ltr'><strong><em>χρόνος</em></strong></span> <span class='ocrx_word' id='word_1_305' title='bbox 586 1771 707 1823; x_wconf 81' lang='grc' dir='ltr'><strong><em>ἐστίν,</em></strong></span> <span class='ocrx_word' id='word_1_306' title='bbox 738 1787 782 1811; x_wconf 90' lang='grc' dir='ltr'><strong><em>εν</em></strong></span> <span class='ocrx_word' id='word_1_307' title='bbox 805 1786 836 1827; x_wconf 78' lang='grc' dir='ltr'><strong><em>φ</em></strong></span> <span class='ocrx_word' id='word_1_308' title='bbox 856 1788 880 1823; x_wconf 80' lang='grc' dir='ltr'><strong><em>η</em></strong></span> <span class='ocrx_word' id='word_1_309' title='bbox 908 1775 990 1811; x_wconf 91' lang='lat' dir='ltr'><strong><em>HA</em></strong></span> <span class='ocrx_word' id='word_1_310' title='bbox 1013 1771 1234 1843; x_wconf 84' lang='grc' dir='ltr'><strong><em>περιφέρεια</em></strong></span> <span class='ocrx_word' id='word_1_311' title='bbox 1258 1768 1489 1823; x_wconf 65' lang='grc' dir='ltr'><strong><em>ἒξαλλάσσειί</em></strong></span> 
     </span>
     <span class='ocr_line' id='line_1_34' title="bbox 149 1824 1490 1900; baseline 0.001 -31"><span class='ocrx_word' id='word_1_312' title='bbox 149 1828 191 1869; x_wconf 84' lang='grc' dir='ltr'><strong><em>τὸ</em></strong></span> <span class='ocrx_word' id='word_1_313' title='bbox 218 1826 390 1882; x_wconf 87' lang='grc' dir='ltr'><strong><em>φανερὸν</em></strong></span> <span class='ocrx_word' id='word_1_314' title='bbox 421 1828 688 1884; x_wconf 80' lang='grc' dir='ltr'><strong><em>ἡμισφαίριον,</em></strong></span> <span class='ocrx_word' id='word_1_315' title='bbox 720 1829 740 1869; x_wconf 90' lang='lat'><strong><em>6</em></strong></span> <span class='ocrx_word' id='word_1_316' title='bbox 765 1828 806 1871; x_wconf 81' lang='grc' dir='ltr'><strong><em>δὲ</em></strong></span> <span class='ocrx_word' id='word_1_317' title='bbox 831 1831 980 1883; x_wconf 85' lang='grc' dir='ltr'><strong><em>χρόνος,</em></strong></span> <span class='ocrx_word' id='word_1_318' title='bbox 1010 1827 1054 1870; x_wconf 83' lang='grc' dir='ltr'><strong><em>ἒν</em></strong></span> <span class='ocrx_word' id='word_1_319' title='bbox 1077 1824 1108 1886; x_wconf 78' lang='grc' dir='ltr'><em>ᾧ</em></span> <span class='ocrx_word' id='word_1_320' title='bbox 1128 1828 1171 1870; x_wconf 88' lang='grc' dir='ltr'><strong><em>τὸ</em></strong></span> <span class='ocrx_word' id='word_1_321' title='bbox 1196 1835 1235 1870; x_wconf 91' lang='grc' dir='ltr'><em>Λ</em></span> <span class='ocrx_word' id='word_1_322' title='bbox 1238 1830 1490 1900; x_wconf 60' lang='grc' dir='ltr'><strong><em>ἀρξαμενοη</em></strong></span> 
     </span>
     <span class='ocr_line' id='line_1_35' title="bbox 81 1871 1489 1942; baseline 0.001 -15.017"><span class='ocrx_word' id='word_1_323' title='bbox 81 1896 124 1926; x_wconf 70' lang='lat'><strong><em>⁵25</em></strong></span> <span class='ocrx_word' id='word_1_324' title='bbox 151 1886 226 1928; x_wconf 82' lang='grc' dir='ltr'><strong><em>ἀπὸ</em></strong></span> <span class='ocrx_word' id='word_1_325' title='bbox 259 1894 328 1928; x_wconf 85' lang='grc' dir='ltr'><strong><em>τοῦ</em></strong></span> <span class='ocrx_word' id='word_1_326' title='bbox 359 1892 398 1927; x_wconf 94' lang='grc' dir='ltr'><em>Λ</em></span> <span class='ocrx_word' id='word_1_327' title='bbox 431 1888 503 1939; x_wconf 82' lang='grc' dir='ltr'><strong><em>τὴν</em></strong></span> <span class='ocrx_word' id='word_1_328' title='bbox 534 1891 612 1928; x_wconf 93' lang='grc' dir='ltr'><strong><em>ΛΒ</em></strong></span> <span class='ocrx_word' id='word_1_329' title='bbox 649 1887 895 1941; x_wconf 85' lang='grc' dir='ltr'><strong><em>περιφέρειαν</em></strong></span> <span class='ocrx_word' id='word_1_330' title='bbox 927 1871 1093 1928; x_wconf 88' lang='grc' dir='ltr'><strong><em>διελθὸν</em></strong></span> <span class='ocrx_word' id='word_1_331' title='bbox 1116 1885 1178 1928; x_wconf 75' lang='grc' dir='ltr'><strong><em>ἐπὶ</em></strong></span> <span class='ocrx_word' id='word_1_332' title='bbox 1210 1886 1252 1928; x_wconf 81' lang='grc' dir='ltr'><strong><em>τὸ</em></strong></span> <span class='ocrx_word' id='word_1_333' title='bbox 1285 1891 1314 1927; x_wconf 94' lang='grc' dir='ltr'><strong><em>Β</em></strong></span> <span class='ocrx_word' id='word_1_334' title='bbox 1351 1903 1472 1942; x_wconf 84' lang='grc' dir='ltr'><strong><em>παρα·-</em></strong></span> <span class='ocrx_word' id='word_1_335' title='bbox 1486 1895 1489 1920; x_wconf 78' lang='grc' dir='ltr'><strong>ῑ</strong></span> 
     </span>
    </p>
   </div>
   <div class='ocr_carea' id='block_1_8' title="bbox 1491 1439 1494 1983">
    <p class='ocr_par' dir='ltr' id='par_1_8' title="bbox 1491 1439 1494 1983">
     <span class='ocr_line' id='line_1_36' title="bbox 1491 1439 1494 1983; baseline 0 0"><span class='ocrx_word' id='word_1_336' title='bbox 1491 1439 1494 1983; x_wconf 95' lang='lat' dir='ltr'><strong><em> </em></strong></span> 
     </span>
    </p>
   </div>
   <div class='ocr_carea' id='block_1_9' title="bbox 210 2116 943 2153">
    <p class='ocr_par' dir='ltr' id='par_1_9' title="bbox 210 2116 943 2153">
     <span class='ocr_line' id='line_1_37' title="bbox 210 2116 943 2153; baseline -0.001 0"><span class='ocrx_word' id='word_1_337' title='bbox 210 2118 243 2153; x_wconf 80' lang='lat' dir='ltr'><strong><em>b.</em></strong></span> <span class='ocrx_word' id='word_1_338' title='bbox 273 2123 302 2153; x_wconf 88' lang='lat'><strong><em>1.</em></strong></span> <span class='ocrx_word' id='word_1_339' title='bbox 329 2119 422 2152; x_wconf 75' lang='lat' dir='ltr'>Ante</span> <span class='ocrx_word' id='word_1_340' title='bbox 449 2116 525 2152; x_wconf 76' lang='grc' dir='ltr'><strong><em>ἐπεί</em></strong></span> <span class='ocrx_word' id='word_1_341' title='bbox 545 2118 628 2153; x_wconf 82' lang='lat' dir='ltr'><strong>add.</strong></span> <span class='ocrx_word' id='word_1_342' title='bbox 657 2117 719 2153; x_wconf 80' lang='grc' dir='ltr'><strong><em>καί</em></strong></span> <span class='ocrx_word' id='word_1_343' title='bbox 743 2130 790 2152; x_wconf 92' lang='lat' dir='ltr'><strong><em>m.</em></strong></span> <span class='ocrx_word' id='word_1_344' title='bbox 817 2123 836 2151; x_wconf 82' lang='lat'><strong>2</strong></span> <span class='ocrx_word' id='word_1_345' title='bbox 863 2118 943 2153; x_wconf 63' lang='lat' dir='ltr'>Vnt.</span> 
     </span>
    </p>
   </div>
   <div class='ocr_carea' id='block_1_10' title="bbox 1458 1998 1494 2450">
    <p class='ocr_par' dir='ltr' id='par_1_10' title="bbox 1458 1998 1494 2450">
     <span class='ocr_line' id='line_1_38' title="bbox 1458 1998 1494 2450; baseline 0 0"><span class='ocrx_word' id='word_1_346' title='bbox 1458 1998 1494 2450; x_wconf 95' lang='lat' dir='ltr'><strong><em> </em></strong></span> 
     </span>
    </p>
   </div>
   <div class='ocr_carea' id='block_1_11' title="bbox 208 2339 636 2384">
    <p class='ocr_par' dir='ltr' id='par_1_11' title="bbox 208 2339 636 2384">
     <span class='ocr_line' id='line_1_39' title="bbox 208 2339 636 2384; baseline 0.002 -11"><span class='ocrx_word' id='word_1_347' title='bbox 208 2339 377 2384; x_wconf 74' lang='lat' dir='ltr'><strong>Figuram</strong></span> <span class='ocrx_word' id='word_1_348' title='bbox 405 2339 460 2374; x_wconf 75' lang='lat' dir='ltr'><strong><em>bie</em></strong></span> <span class='ocrx_word' id='word_1_349' title='bbox 487 2339 568 2374; x_wconf 75' lang='lat' dir='ltr'><strong>hab.</strong></span> <span class='ocrx_word' id='word_1_350' title='bbox 599 2339 636 2374; x_wconf 94' lang='lat' dir='ltr'><strong><em>V.</em></strong></span> 
     </span>
    </p>
   </div>
  </div>
 </body>
</html>
