1456 2456
562 59 926 96 PROLEGOMENA
1345 60 1425 94 LIII

73 167 272 205 Meibomio
291 167 462 211 recessit3
487 179 523 212 p.
541 170 620 211 174,
634 170 655 201 6
682 166 779 202 enim
804 167 922 202 habet
944 172 1018 202 τῶν
1038 187 1081 193 -
1102 165 1235 212 λόγοις,
1260 167 1424 202 Meibom

71 233 156 258 vero
181 221 237 258 ὅτι
261 227 335 258 τῶν
361 221 571 266 συμφώνων
595 220 765 266 μέγιστον
791 219 832 255 ἐν
851 221 947 265 τρισὶ
973 218 1104 266 λόγοις.
1143 220 1423 266 interpretatio-

73 287 158 312 nem
182 286 330 320 quoque
355 274 548 310 Meibomii
576 274 634 309 ‘ut
657 273 873 319 plurimum’
898 273 1065 318 retinuit,
1090 273 1272 309 nonnulla
1298 275 1423 309 autem

10 341 12 377 ζ
72 328 276 364 rectissime
305 327 548 373 vituperavit,
583 327 686 363 velut
715 326 935 363 varietatem
967 327 1047 363 eius
1082 327 1354 372 libidinemque
1384 329 1424 362 in

10 408 11 423 2
73 382 320 419 convertenda
347 391 432 417 voce
457 380 596 422 τάσεως
625 391 692 427 pro
723 380 893 416 tensione
920 382 958 416 et
982 381 1083 425 quod
1114 381 1279 417 rationes
1304 382 1424 416 nomi-

72 437 136 471 nat
160 434 388 480 sescuplam,
414 434 688 479 supertertiam,
715 435 995 479 superoctavam
1021 435 1060 469 et
1083 445 1158 469 non
1183 435 1308 479 sesqui
1334 434 1424 470 alte-

8 503 11 527 ῑ
71 500 149 525 ram
175 489 260 523 cett.

128 541 445 577 Introductionem
475 542 667 586 tamquam
691 541 813 587 Pappi
844 541 1096 587 fragmentum
1128 541 1184 587 (ἐκ
1213 548 1280 577 τοῦ
1311 541 1422 577 Πάπ-

8 590 9 636 ἷ
71 607 143 631 που
156 596 192 641 1))
224 606 244 631 e
276 596 355 631 cod.
376 595 533 630 Parisin.
554 598 647 630 2460
673 606 703 630 a.
727 598 817 630 1839
850 594 969 634 edidit
998 595 1025 630 Ι.
1047 595 1088 630 A.
1110 594 1274 639 Cramer,
1303 595 1423 630 Auec—

8 667 9 674 κ
71 649 159 684 dota
184 649 297 685 Paris.
319 649 389 685 vol.
410 650 425 684 I
450 661 485 695 p.
502 653 546 684 47
557 661 635 694 sqq.
663 649 742 684 cod.
764 651 856 683 2460
883 648 962 683 sine
982 647 1095 683 dubio
1116 647 1298 694 originem
1318 648 1423 684 ducit

70 713 90 738 e
115 702 194 738 cod.
214 703 261 747 B;
294 714 376 738 cum
403 713 446 738 eo
472 702 616 737 omittit
643 714 679 747 p.
698 705 776 746 186,
793 707 809 737 1
837 701 1028 747 Ἅρμονική
1054 723 1097 728 ——
1124 706 1146 737 4
1172 701 1283 747 ἑπτά,
1315 702 1423 738 addit

69 767 104 801 p.
121 759 199 801 188,
216 759 259 791 18
290 754 356 792 τόν
388 757 475 791 ante
503 754 630 800 τόνον,
661 755 777 790 habet
806 767 842 800 p.
859 758 997 799 198,14
1027 761 1210 802 τραχῦναι
1265 759 1309 791 25
1334 755 1354 792 ὁ
1380 755 1421 792 δὲ

6 843 7 848 ,
69 806 176 850 τόνος
213 813 257 844 28
278 809 445 845 διτόνιον
482 821 517 854 p.
531 812 639 854 200,1
655 807 833 845 διατόνου
871 813 891 844 9
912 809 1001 844 ἔστω
1021 820 1088 854 pro
1110 809 1211 844 ἔσται
1250 813 1293 844 14
1314 809 1421 846 ἑστώ-

5 886 7 907 3
69 875 141 898 των
167 862 350 909 φθόγγων
407 866 450 898 15
477 861 725 908 ἐνφαίνονται
780 867 823 898 25
850 873 920 898 om.
941 862 964 909 ἡ
1019 875 1056 908 p.
1077 867 1157 906 202,
1174 867 1217 898 14
1244 863 1330 899 hab.
1356 865 1420 899 καὶ

5 910 7 926 ³
34 912 45 930 ‘⁸
69 915 168 962 αὐτῷ
219 918 262 951 18
288 915 438 951 κλύεται
492 927 526 960 p.
543 919 684 960 206,20
713 915 815 960 εἴπερ
841 916 864 961 ἡ
889 915 991 959 τάξις
1046 921 1178 962 p.214,
1195 921 1211 951 1
1242 917 1262 962 ἡ
1288 918 1329 953 ἐκ
1354 923 1419 953 τοῦ

3 991 6 1042 ἶ
31 1003 42 1044 {²
67 980 103 1014 p·
119 971 186 1056 2A18
191 972 282 1057 '1392
307 967 431 1058 1ἐξὲξ-’011
456 1022 522 1058 Ian
547 1023 687 1068 prodiit
713 1023 828 1058 editio
854 1022 1081 1058 Musicorum
1107 1023 1348 1068 Graecorum,
1381 1024 1419 1059 in

0 1074 5 1125 ᾗ
69 1086 142 1120 qua
172 1075 336 1120 libellos,
370 1075 435 1121 qui
463 1076 630 1112 Euclidis
661 1077 811 1112 nomine
843 1076 1028 1121 feruntur,
1061 1077 1226 1112 musicae
1258 1077 1420 1113 Graecae

0 1125 5 1175 {⁶
69 1128 303 1165 existimator
327 1130 459 1165 doctus
489 1131 526 1165 et
556 1129 778 1176 intellegens
809 1129 931 1165 noluit
956 1130 1171 1166 desiderari.
1217 1133 1330 1176 atque
1354 1132 1420 1167 Ian

0 1192 1 1200 ¹
69 1182 259 1218 codicibus
287 1182 557 1227 antiquissimis
583 1184 621 1218 et
645 1183 996 1229 praestantissimis,
1023 1183 1221 1230 Porphyrii
1246 1186 1420 1221 emenda-

68 1235 249 1279 tionibus,
282 1236 358 1272 suis
389 1235 621 1282 aliorumque
653 1237 875 1272 coniecturis
905 1237 1008 1272 nisus
1039 1239 1184 1272 textum
1213 1239 1420 1283 constituit,

69 1300 141 1334 quo
171 1301 280 1325 nemo
311 1289 468 1335 negabit
500 1290 611 1326 huius
647 1291 778 1326 aetatis
812 1290 952 1326 iudicio
986 1292 1023 1326 et
1058 1291 1324 1336 adprobationi
1355 1292 1421 1328 ab-

68 1343 166 1379 unde
192 1343 375 1379 satisfieri.
413 1344 525 1379 verba
550 1346 677 1379 autem
703 1343 935 1390 singulorum
961 1344 1183 1389 scriptorum
1207 1345 1263 1381 ita
1287 1346 1336 1381 ad
1363 1346 1420 1381 in-

68 1395 321 1442 tellegentiam
346 1395 549 1442 legentium
571 1398 872 1441 accommodavit,
899 1399 941 1432 ut
963 1408 1037 1442 eos,
1063 1398 1163 1443 quod
1189 1409 1302 1444 supra
1321 1411 1420 1435 com-

67 1450 280 1494 memoravi,
307 1450 355 1485 ad
381 1453 523 1486 ceteros
547 1450 708 1486 musicos
732 1450 891 1487 Graecos
918 1450 1107 1497 delegaret
1132 1453 1170 1487 et
1193 1453 1303 1496 notis,
1330 1465 1419 1498 qua-

68 1501 166 1538 libus
191 1514 289 1538 nunc
313 1503 464 1548 utimur,
491 1503 754 1540 difficillimam
778 1504 989 1540 litterarum
1015 1505 1252 1550 antiquarum
1276 1509 1419 1551 partem

68 1554 284 1591 illustraret.
327 1556 427 1592 idem
460 1559 607 1592 secut-us
639 1560 697 1593 est
728 1569 811 1594 cum
842 1558 883 1593 in
914 1558 1047 1593 ceteris
1078 1558 1419 1595 introductionibus

68 1608 267 1654 unicuique
294 1610 515 1655 scriptorum
535 1611 760 1656 praemissis,
786 1613 867 1646 tum
889 1610 928 1646 in
948 1611 1007 1655 iis,
1032 1623 1129 1656 quae
1149 1612 1315 1648 Euclidis
1337 1613 1418 1650 Sec-

68 1661 162 1697 tioni
196 1662 243 1698 de
277 1663 593 1710 Pythagoreorum
629 1666 795 1700 veterum
830 1665 1002 1701 doctrina
1034 1666 1228 1711 praefatus
1263 1669 1330 1703 est.
1379 1668 1419 1703 in

68 1714 180 1750 totius
199 1726 284 1751 vero
304 1716 425 1761 operis
445 1716 719 1763 prolegomenis
745 1718 829 1764 plus
849 1729 963 1764 quam
986 1719 1228 1755 ducentorum
1247 1720 1418 1757 codicum

69 1770 307 1814 conspectum
333 1769 476 1816 deditff)
502 1772 557 1815 et,
589 1782 663 1815 qua
695 1771 967 1808 necessitudine
998 1772 1097 1808 inter
1122 1784 1160 1808 se
1185 1774 1419 1810 contineren-

27 1833 29 1835 ’
68 1822 140 1866 tur,
164 1822 345 1868 singulari
371 1822 513 1869 ingenii
538 1824 708 1860 acumine
734 1825 890 1870 aperuit.
929 1837 1026 1871 quae
1051 1838 1133 1862 cum
1159 1827 1214 1862 ita
1240 1827 1327 1872 sint,
1352 1828 1418 1863 Ian

69 1874 108 1910 in
132 1875 202 1911 hoc
226 1877 333 1911 tanto
359 1878 510 1921 tamque
535 1876 678 1913 lubrico
710 1890 860 1924 campo,
892 1879 932 1914 in
958 1891 1032 1925 quo
1059 1891 1125 1926 per
1152 1881 1226 1917 duo
1251 1881 1421 1926 proxima

70 1929 216 1964 saecula
249 1929 360 1975 pauci
397 1929 500 1975 iique
537 1930 585 1965 ad
619 1931 795 1977 exiguum
829 1933 976 1978 tempus
1012 1933 1120 1978 quasi
1153 1934 1418 1978 praeludentes

69 1982 204 2017 versati
241 1984 345 2026 sunt,
386 1987 667 2020 monumentum
703 1996 788 2021 aere
827 1986 1026 2031 perennius
1063 1987 1231 2033 exegisse
1270 1999 1418 2024 censen-

71 2034 137 2070 dus
162 2037 228 2071 est.

130 2155 164 2198 1)
190 2154 250 2190 Sic
275 2155 442 2200 Cramer,
468 2157 567 2193 cod.:
593 2158 637 2193 ἐκ
658 2163 733 2194 τῶν
757 2163 823 2194 τοῦ
850 2158 1028 2194 Πάππου.

130 2210 165 2253 2)
196 2207 275 2243 Iani
307 2209 413 2245 codd.
440 2209 617 2246 Parisinis
648 2210 842 2247 addendus
874 2214 931 2247 est
961 2211 1074 2248 Paris.
1103 2213 1229 2258 Suppl
1254 2212 1313 2249 Gr.
1340 2217 1419 2256 195,

72 2254 344 2339 quixvcflntinet
385 2257 551 2293 Euclidis
595 2257 930 2303 Introductionem3
976 2271 1008 2295 v.
1048 2260 1125 2296 hui.
1165 2261 1221 2297 ed.
1262 2261 1331 2297 vol.
1352 2261 1419 2297 VII

71 2311 96 2346 P

141 2368 341 2403 Euclides,
359 2370 574 2404 edd.11eib0rg
592 2374 621 2397 et
640 2372 759 2404 Monge.
787 2373 874 2398 vm*
1138 2367 1158 2400 d
1170 2367 1204 2384 ³³⁸*
