1494 2450
569 75 814 112 APPENDIX
1284 77 1304 118 1
1312 77 1339 119 2
1345 78 1366 119 7

0 193 104 243 J‘quo
127 189 334 241 punctum
359 185 400 235 Ξ
422 200 567 228 arcum
594 186 634 235 Ξ
642 189 690 227 Ψ
708 186 940 242 percurrit,
971 188 1143 240 tempus
1169 188 1250 241 est,
1283 200 1368 241 quo

10 266 140 307 ¹arcus
158 250 241 301 ΣΞ
257 252 536 308 conspicuum
555 250 922 307 hemisphaerium
940 253 1172 307 permutat,
1197 254 1368 307 tempus

21 321 170 370 autem,
196 331 280 372 quo
304 321 514 374 punctum
534 319 580 360 X
599 332 746 359 arcum
765 319 833 362 Χς
851 317 1076 372 percurrit,
1102 320 1271 372 tempus
1293 321 1369 373 est,

8 378 102 443 jqno
135 386 219 427 TX
245 383 523 438 conspicuum
548 383 915 439 hemisphaerium
940 385 1174 439 permutat3
1206 386 1370 426 maiore

8 452 150 509 'igitur
167 454 359 505 tempore
373 449 457 498 ΣΞ
473 450 754 505 conspicuum
772 448 1138 504 hemisphaerium
1151 451 1370 504 permutat

8 532 145 574 ,quam
182 519 271 559 TX.
322 518 364 558 et
401 531 525 558 arcus
558 516 647 565 ΣΞ
682 516 844 559 aestivo
882 516 1050 571 tropico
1089 518 1268 571 propior
1305 518 1369 558 est

7 590 145 640 'quam
181 585 271 625 TX.
320 582 481 624 maiore
518 582 652 638 igitur
689 585 882 637 tempore
920 596 1054 637 arcus,
1093 581 1167 636 qui
1205 581 1368 623 aestivo

19 649 180 706 tropico
217 651 394 705 propior
432 650 514 703 est,
552 651 832 703 conspicuum
868 646 1235 703 hemisphaerium
1275 662 1369 703 per-

19 717 155 758 mutat
180 729 308 770 quam
334 714 384 769 is,
411 715 483 769 qui
511 717 718 757 remotior
743 717 819 756 est.

75 781 220 824 eadem
250 780 416 822 ratione
448 781 578 838 etiam
603 780 647 822 in
674 781 964 836 semicirculo,
996 780 1070 835 qui
1095 782 1195 835 post
1222 779 1369 835 Capri-

0 817 192 902 ieornum
218 849 299 895 est,
331 860 454 888 arcus
486 847 683 901 aequales
707 861 794 889 non
821 845 1072 901 aequalibus
1098 846 1368 902 temporibus

940 914 1221 968 conspicuum
1235 911 1368 954 hemi-

940 977 1186 1033 sphaerium
1200 992 1368 1033 permu-

939 1046 1053 1099 tant,
1097 1043 1171 1086 sed
1208 1043 1369 1086 maiore

938 1109 987 1164 is,
1014 1109 1087 1164 qui
1114 1109 1282 1165 tropico
1303 1124 1367 1152 ae-

938 1176 1050 1217 stivo
1083 1175 1262 1231 propior
1291 1178 1368 1228 est,

938 1255 1067 1296 quam
1113 1242 1187 1296 qui
1230 1255 1365 1283 remo-

936 1306 1034 1362 tior,
1045 1307 1212 1363 aequali
1224 1310 1366 1349 autem

935 1375 980 1429 ii,
1014 1373 1089 1427 qui
1121 1373 1173 1415 ab
1204 1373 1367 1415 utrovis

939 1440 1140 1480 contactu
1198 1439 1366 1494 aequali

937 1504 1164 1548 intervallo
1191 1504 1366 1546 distant.

997 1570 1054 1612 sit
1109 1570 1154 1612 in
1204 1570 1365 1611 mundo

937 1635 1116 1677 horizon
1129 1637 1309 1687 ΑΒΓΔ,
1326 1638 1368 1677 et

937 1702 1130 1757 tropicus
1180 1701 1367 1744 aestivus

18 1762 120 1815 AA,
145 1760 327 1804 circulus
353 1762 551 1805 zodiacus
578 1766 722 1805 autem
748 1764 1010 1818 positionem
1035 1765 1193 1809 habeat
1222 1769 1366 1821 ΒΕΓ,

17 1827 60 1867 et
82 1826 138 1869 sit
162 1841 284 1869 arcus
310 1830 397 1869 BE
425 1829 470 1869 in
496 1829 765 1871 semicirculo
792 1834 895 1885 post
921 1830 1249 1889 Capricornum,
1282 1834 1373 1874 ΕΓ

17 1894 156 1933 autem
175 1892 220 1935 in
240 1893 507 1936 semicirculo
528 1897 629 1949 post
649 1893 873 1951 Cancrum,
899 1899 941 1938 et
961 1897 1049 1940 sint
1066 1901 1209 1954 partes
1230 1899 1367 1940 orien-

17 1959 120 2002 tales
145 1964 206 2014 A,
239 1958 521 2002 occidentales
547 1962 692 2003 autem
718 1964 775 2016 B,
808 1964 850 2003 et
876 1962 1126 2006 auferantur
1151 1978 1274 2006 arcus
1301 1978 1367 2006 ae-

19 2028 160 2083 quales
189 2028 296 2081 ZH,
323 2027 374 2067 Η
379 2028 432 2078 Θ;
470 2026 577 2082 dico,
615 2041 763 2069 arcum
798 2029 892 2070 ZH
919 2027 1199 2085 conspicuum
1231 2029 1367 2071 hemi-

19 2094 259 2151 sphaerium
284 2095 445 2136 maiore
471 2096 664 2148 tempore
690 2097 936 2148 permutare
963 2109 1093 2149 quam
1118 2098 1171 2140 Η
1176 2099 1223 2138 Θ.

76 2161 371 2205 describantur
398 2159 547 2201 circuli
565 2158 760 2213 paralleli
780 2161 879 2214 KA,
899 2162 1017 2215 MN,
1038 2160 1134 2216 ΞΟ,
1161 2175 1237 2217 per
1258 2175 1365 2216 quos

19 2229 174 2282 puncta
201 2230 249 2281 Z,
276 2228 334 2280 H,
363 2228 400 2267 Θ
431 2225 638 2267 feruntur.
689 2225 835 2279 itaque
867 2240 990 2267 arcus
1020 2228 1114 2268 ZH
1133 2227 1250 2268 arcui
1281 2230 1329 2269 Π
1334 2229 1372 2268 Ρ

21 2293 202 2347 aequalis
235 2293 315 2346 est,
354 2292 447 2333 ΗΘ
480 2294 623 2332 autem
655 2291 774 2332 arcui
806 2293 901 2333 ΡΣ.
952 2306 1098 2334 verum
1128 2295 1223 2334 ZH
1248 2293 1366 2334 arcui

23 2359 70 2399 Η
73 2360 110 2400 Θ
138 2357 325 2414 aequalis
358 2359 431 2399 est.
484 2370 613 2411 quare
639 2356 768 2398 etiam
795 2358 846 2399 Π
849 2358 888 2398 Ρ
914 2357 1031 2399 arcui
1059 2359 1147 2399 ΡΣ
1174 2358 1366 2413 aequalis
