1494 2450
532 78 873 114 PHAENOMENA
1330 77 1387 119 95

11 206 13 214 ⁴
35 194 162 246 ΒΕΓ,
182 194 224 234 et
243 191 491 232 auferantur
509 203 632 230 arcus
652 187 853 243 aequales
873 189 975 241 KH,
991 189 1106 243 HM3
1126 186 1222 229 dico
1242 200 1386 229 arcum

37 259 136 301 KH
165 259 324 299 maiore
361 258 554 310 tempore
589 256 867 309 conspicuum
898 252 1263 308 hemisphaerium
1296 266 1388 307 per-

9 339 11 359 ÷
37 325 212 378 mutare,
237 336 362 377 quam
391 322 504 363 HM.

531 381 663 427 ὁρίζων

951 501 1105 546 θερινός

0 1197 3 1225 3
41 1172 275 1222 positionem
302 1171 448 1210 habeat
472 1174 518 1210 ut
547 1172 670 1210 ΘΛΡ.
710 1173 899 1221 quoniam
925 1172 1028 1220 KH,
1054 1171 1134 1208 HA
1159 1182 1183 1207 a
1209 1171 1396 1208 contactu

0 1228 3 1232 ’
43 1231 184 1270 aestivi
218 1232 364 1281 tropici
400 1231 559 1281 aequali
594 1232 726 1281 spatio
759 1231 934 1278 distant,
979 1243 1056 1279 quo
1093 1232 1274 1279 tempore
1311 1230 1402 1267 AH

0 1284 3 1344 s
43 1290 189 1340 oritur,
232 1303 277 1329 eo
321 1292 434 1340 KH,
477 1291 553 1329 hoc
597 1292 657 1329 est
699 1290 786 1329 ΛΘ
830 1290 984 1329 occidit.
1048 1302 1184 1329 verum
1228 1293 1398 1339 tempus,

0 1391 2 1404 Ι
43 1362 120 1400 quo
145 1351 234 1388 AH
261 1351 409 1399 oritur,
441 1353 598 1400 tempus
630 1352 708 1400 est,
740 1363 819 1400 quo
846 1351 891 1388 H
920 1362 1100 1388 exorsum
1127 1348 1175 1387 ab
1202 1351 1258 1397 A,
1289 1351 1397 1398 post-

0 1441 2 1463 i
45 1421 162 1459 quam
186 1422 320 1448 arcum
346 1411 440 1448 AH
458 1411 672 1460 percurrit,
698 1410 748 1448 ad
774 1411 821 1448 H
841 1411 1034 1459 pervenit,
1066 1411 1225 1458 tempus
1252 1411 1397 1457 autem,

44 1480 121 1519 quo
141 1469 219 1508 ΛΘ
244 1469 398 1518 occidit,
421 1472 577 1520 tempus
604 1472 674 1519 est,
701 1483 778 1519 quo
799 1473 839 1508 A
859 1481 1041 1507 exorsum
1062 1481 1085 1507 a
1105 1471 1158 1516 A,
1185 1470 1399 1518 postquam

46 1539 178 1567 arcum
198 1531 273 1567 AB
298 1531 506 1579 percurrit,
532 1529 583 1568 ad
601 1531 634 1568 Β
658 1530 851 1579 pervenit.
889 1530 1028 1579 itaque
1049 1541 1127 1578 quo
1147 1530 1324 1577 tempore
1344 1528 1400 1577 H,

27 1589 253 1638 postquam
280 1590 366 1627 AH
383 1590 591 1638 percurrit,
622 1589 672 1627 ad
698 1590 746 1627 H
765 1589 959 1639 pervenit,
991 1601 1036 1626 eo
1064 1589 1184 1627 etiam
1211 1590 1265 1637 A,
1290 1589 1398 1637 post—

48 1659 170 1697 quam
204 1660 337 1687 arcum
363 1651 444 1687 AB
476 1650 690 1698 percurrit,
723 1648 773 1687 ad
797 1650 831 1687 Β
856 1649 1049 1698 pervenit.
1100 1659 1305 1686 commune
1332 1646 1398 1684 ad-

46 1706 191 1745 iciatur
212 1709 381 1757 tempus,
402 1721 479 1758 quo
499 1711 535 1747 A
555 1721 736 1747 exorsum
757 1720 780 1745 a
800 1710 851 1757 A,
869 1709 1083 1758 postquam
1104 1718 1242 1745 arcum
1257 1707 1400 1745 ΔΡΚΘ

47 1767 258 1816 percurrit,
292 1767 342 1806 ad
377 1768 411 1806 Θ
441 1769 633 1817 pervenit.
684 1769 820 1817 itaque
852 1769 1009 1817 tempus
1041 1779 1121 1816 quo
1146 1767 1192 1804 H
1220 1778 1400 1805 exorsum

49 1825 97 1864 ab
122 1828 178 1876 A,
207 1828 419 1876 postquam
446 1839 579 1865 arcum
607 1828 695 1865 ΛΗ
716 1827 929 1876 percurrit,
962 1826 1012 1864 ad
1037 1827 1079 1864 H
1104 1826 1288 1875 pervenit
1312 1837 1401 1864 cum

46 1885 240 1935 tempore,
272 1899 349 1935 quo
375 1889 412 1924 A
445 1899 625 1925 exorsum
659 1899 682 1924 a
707 1888 763 1937 A,
795 1888 1009 1936 postquam
1041 1898 1176 1924 arcum
1203 1885 1283 1924 ΔΘ
1314 1898 1400 1935 per·

50 1945 183 1993 currit,
209 1945 260 1984 ad
289 1945 322 1984 Θ
347 1948 539 1996 pervenit,
565 1946 731 1996 aequale
758 1947 817 1984 est
842 1947 1024 1995 tempori,
1049 1958 1128 1995 quo
1154 1948 1195 1984 A
1221 1957 1402 1983 exorsum

50 2015 74 2040 a
98 2006 155 2053 A,
187 2006 400 2054 postquam
435 2018 569 2045 arcum
595 2007 675 2044 AB
707 2006 920 2056 percurrit,
956 2004 1006 2044 ad
1036 2006 1069 2043 B
1100 2004 1282 2055 pervenit
1314 2017 1402 2043 cum

50 2063 238 2113 tempore,
264 2077 341 2114 quo
371 2065 405 2104 Θ
430 2078 610 2104 exorsum
637 2078 660 2103 a
686 2067 734 2110 A,
766 2067 979 2115 postquam
1005 2077 1141 2103 arcum
1167 2065 1291 2103 ΛΚΘ
1316 2077 1401 2114 per-

53 2123 186 2172 currit,
211 2123 260 2161 ad
285 2123 319 2162 Θ
343 2126 534 2174 pervenit.
566 2137 702 2164 verum
727 2126 896 2175 tempus,
922 2137 1002 2175 quo
1022 2126 1069 2162 H
1083 2136 1262 2163 exorsum
1284 2123 1333 2162 ab
1355 2126 1404 2172 A,

52 2183 262 2232 postquam
287 2195 425 2222 arcum
449 2186 542 2222 AH
570 2185 783 2234 percurrit,
818 2183 867 2223 ad
892 2186 939 2222 H
958 2184 1158 2234 pervenit,
1190 2196 1279 2222 cum
1304 2185 1403 2222 tem·

52 2252 164 2290 pore,
189 2255 266 2291 quo
291 2244 328 2280 A
353 2255 532 2282 exorsum
558 2256 582 2282 a
608 2246 661 2291 A,
694 2245 906 2294 postquam
931 2256 1067 2283 arcum
1093 2243 1173 2282 ΔΘ
1198 2243 1404 2293 percurrit,

54 2299 104 2338 ad
125 2300 158 2339 Θ
180 2303 374 2351 pervenit,
399 2304 557 2352 tempus
583 2304 656 2352 est,
682 2316 761 2352 quo
782 2304 861 2341 HA
879 2304 1138 2353 conspicuum
1156 2302 1403 2352 hemisphae-

53 2359 155 2397 rium
179 2362 394 2410 permutat,
423 2365 580 2412 tempus
610 2364 755 2411 autem,
787 2375 865 2412 quo
892 2365 932 2400 A
956 2375 980 2400 a
1008 2365 1046 2400 A
1072 2373 1264 2411 exorsum,
1296 2363 1403 2412 post-
