1494 2450
68 891 110 921 10

68 1213 110 1243 15

135 87 191 127 44
638 89 945 122 ΦΑΙΝΟΜΕΝΑ

137 196 306 250 φερειᾳ·
351 194 477 248 λοιπὴ
504 194 590 249 ἄρα
614 194 639 248 ἡ
667 193 744 241 ,ΞΛ
774 197 903 250 λοιπῇ
933 210 983 250 τη
1011 197 1093 236 PY
1119 194 1189 249 ἴση
1216 193 1344 237 ἐστίν.

135 259 187 299 τὰ
213 258 320 300 αὐτὰ
345 259 398 312 δὴ
424 257 495 299 καὶ
521 259 546 312 ἡ
569 258 650 305 ΓΞ
673 262 742 312 ἰση
770 257 859 300 ἐστὶ
884 265 934 315 τῇ
959 262 1046 300 ΤΔ.

194 323 245 364 τὰ
270 324 353 376 ἄρα
379 321 508 379 ζῴδια
533 322 581 364 ἐν
605 322 774 372 ἀνίσοις
803 324 989 378 τμήμασι
1014 329 1093 366 τοῦ
1118 323 1337 379 ὁρίζοντος
1361 323 1464 374 ἀναο,
1489 344 1494 350 ·

136 385 273 428 τέλλει
307 401 352 428 τε
383 387 453 428 καὶ
484 387 626 440 δύνει,
657 385 727 428 καὶ
761 387 808 429 ἐν
838 389 1056 442 μεγίστοις
1085 385 1165 442 μὲν
1195 389 1247 430 τὰ
1271 389 1378 443 πρὸς
1399 391 1462 445 τῷ
1488 399 1494 423 2

138 452 394 507 ἰσημερινῷ,
433 450 480 492 ἐν
517 449 721 493 ε’λάσσοσι
758 449 805 492 δὲ
841 452 893 493 τὰ
935 451 1029 506 ἑξῆς
1064 453 1250 504 τούτων,
1288 451 1334 493 ἐν
1369 450 1458 494 ἐλα-
1477 483 1483 500 .‹

136 517 298 569 χίστοις
329 512 377 556 δε
400 516 452 556 τὰ
476 515 585 570 πρὸς
609 521 699 564 τοῖς
723 522 963 570 τροπικοῖς,
995 515 1043 557 ἐν
1073 520 1185 565 ι”σοις
1215 516 1262 558 δὲ
1287 517 1338 558 τὰ
1364 509 1485 560 ἴσοντ

136 578 350 634 ἀπέχοντα
374 585 452 621 τοῦ
480 580 732 634 ἰσημερινοῦ
757 580 932 621 κύκλου.
1475 597 1478 598 ’

752 730 846 788 θ’.1)

202 815 288 854 Τοῦ
314 820 401 855 τῶν
426 814 592 869 ζῳδίων
617 814 779 855 κύκλου
800 814 851 855 τὰ
869 814 1113 868 ἡμικύκλια,
1139 814 1218 856 ὅσα
1238 815 1311 864 τὰς
1330 814 1460 870 ἀρχὰς
1488 821 1494 865 j

135 878 192 931 μὴ
218 875 303 932 ἔχει
329 876 399 919 ἐπὶ
423 883 502 919 τοῦ
523 878 659 919 αὐτοῦ
678 885 766 919 τῶν
785 879 1085 933 παραλλήλων,
1111 877 1158 920 ἐν
1178 878 1344 929 ἀνίσοις
1362 881 1459 934 χρό-
1482 870 1483 874 ¹

135 957 230 991 νοις
255 941 492 995 ἀνατέλλει,
517 942 588 983 καὶ
614 941 661 984 ἐν
685 942 869 999 πλείστῳ
894 941 974 996 μὲν
998 943 1046 984 τὸ
1073 943 1176 996 μετὰ
1199 945 1277 985 τὸν
1302 944 1460 999 Καρκί-

136 1022 230 1059 νον,
256 1005 302 1048 ἐν
329 1004 531 1048 ἐλάσσονι
558 1006 606 1048 δὲ
630 1006 682 1048 τὰ
705 1006 811 1061 μετὰ
835 1007 969 1049 αὐτὸν
989 1005 1095 1060 ἑξῆς,
1121 1005 1170 1048 ἐν
1189 1006 1393 1064 ἐλαχίστῳ
1413 1005 1460 1050 δὲ

135 1070 184 1111 τὸ
210 1071 314 1124 μετὰ
339 1071 417 1112 τὸν
436 1071 703 1124 Αίγόκερων,
729 1070 833 1112 ὅταν
855 1070 877 1112 ὁ
902 1071 1075 1125 βόρειος
1097 1073 1228 1121 πόλος
1251 1069 1360 1127 ὑπὲρ
1385 1073 1461 1115 τὸν

136 1134 334 1189 ὁρίζοντα
360 1130 386 1189 ᾖ
412 1135 482 1176 καὶ
507 1132 571 1177 ἔτι
596 1134 619 1176 ὁ
644 1133 842 1189 μέγιστος
860 1142 948 1176 τῶν
967 1134 1033 1176 ἀεὶ
1053 1143 1255 1191 φανερῶν
1275 1135 1461 1179 ἐλάττων

136 1194 162 1254 ᾖ
188 1205 266 1241 τοῦ
292 1203 476 1252 θερινοῦ
502 1203 727 1253 τροπικοῦ·
760 1198 840 1241 ὅσα
866 1196 913 1240 δὲ
939 1198 1014 1248 τὰς
1039 1198 1172 1254 ἀρχὰς
1189 1197 1275 1254 ἔχει
1295 1198 1364 1241 ἐπὶ
1383 1205 1460 1242 τοῦ

137 1263 273 1304 αὐτοῦ
298 1270 386 1304 τῶν
409 1264 711 1317 παραλλήλων,
735 1261 784 1304 ἐν
809 1267 888 1319 ἴσῳ
915 1265 1056 1319 χρόνῳ
1083 1263 1316 1305 ἀνατέλλει.

680 1400 858 1435 Reoensio
884 1401 919 1435 b.

194 1460 246 1502 θ’.
269 1466 348 1502 Τοῦ
367 1469 444 1502 τῶν
464 1463 612 1518 ζῳδίων
630 1463 774 1503 κύκλου
793 1462 837 1502 τὰ
856 1461 1077 1515 ἡμικύκλια,
1097 1463 1168 1503 ὅσα
1187 1463 1239 1515 M)
1259 1463 1327 1512 τὰς
1343 1462 1460 1516 ἀρχὰς

135 1521 211 1573 ἔχει
232 1521 297 1561 ἐπὶ
321 1528 390 1561 τοῦ
415 1521 535 1561 αὐτοῦ
554 1528 630 1561 τῶν
653 1521 920 1573 παραλλήλων,
951 1520 992 1561 ἐν
1016 1520 1167 1570 ἀνίσοις
1190 1522 1341 1574 χρόνοις
1365 1521 1458 1562 ἀνα-

136 1579 252 1620 τέλλει
288 1579 370 1631 ὅλα,
406 1579 470 1619 καὶ
503 1579 546 1619 ἐν
579 1580 739 1635 πλείστῳ
774 1578 844 1631 μὲν
876 1579 918 1619 τὸ
953 1579 1043 1631 μετὰ
1076 1580 1143 1620 τὸν
1172 1581 1383 1632 Καρκίνον,
1419 1579 1460 1620 ἐν

136 1638 314 1678 ἐλάσσονι
348 1637 389 1679 δὲ
422 1637 467 1677 τὰ
501 1638 590 1690 ἑξῆς
622 1639 776 1688 τούτου,
812 1637 854 1678 ἐν
887 1637 1094 1690 ἐλαχίστοις
1129 1637 1170 1678 δὲ
1200 1639 1241 1679 τὸ
1273 1638 1365 1690 μετὰ
1395 1638 1461 1679 τὸν

137 1697 357 1750 Αὖγόκερω·
397 1697 468 1736 ὅσα
499 1695 540 1736 δὲ
564 1696 631 1744 τὰς
654 1695 771 1749 ἀρχὰς
796 1696 868 1749 ἔχει
892 1695 953 1735 ε’πὶ
978 1703 1045 1736 τοῦ
1071 1697 1190 1737 αὐτοῦ
1215 1703 1291 1736 τῶν
1316 1701 1459 1749 παραλ-

137 1755 276 1806 λήλων,
301 1755 343 1795 ἕν
369 1756 466 1802 ἴσοις
491 1755 642 1808 χρόνοις
666 1754 868 1795 ἀνατέλλει.

195 1901 228 1926 ιι.
257 1896 286 1925 1.
314 1890 409 1926 ἐστιν
436 1890 492 1936 ἴση
519 1891 602 1926 Vat.
677 1894 707 1926 8.
735 1891 792 1937 θ’]
818 1890 840 1925 ι’
867 1890 911 1925 ν’.
985 1895 1038 1926 11.
1065 1866 1105 1926 23²)
1130 1889 1174 1934 V,
1199 1891 1288 1925 item
1314 1892 1376 1926 lin.
1400 1895 1459 1935 13;

137 1971 182 2007 vd
208 1972 267 2007 ω.
305 1972 405 2018 μετά]
432 1972 527 2008 κατά
545 1973 589 2015 ις
615 1951 709 2008 ξὲἕηά
733 1975 790 2018 (με
808 1973 905 2017 m.1)
924 1971 974 2015 v‘;
999 1972 1088 2007 item
1107 1972 1239 2007 lin.12.
1292 1977 1345 2007 13.
1371 1973 1461 2009 am

139 2040 184 2044 —
211 2022 275 2054 15.v
290 2021 480 2066 τροπικοῦ]
513 2021 752 2063 expunctum,
783 2019 847 2054 sed
872 2018 1018 2064 punctis
1043 2019 1155 2054 erasis
1179 2019 1391 2054 rostissutum
1416 2020 1459 2062 V;

138 2066 221 2101 fort.
248 2065 522 2110 interpolatum.
621 2069 673 2100 13.
705 2066 794 2101 Post
823 2064 934 2106 πόλος
963 2065 1033 2100 del.
1058 2071 1132 2100 τῶν
1155 2065 1393 2111 παραλλήλων
1417 2067 1459 2110 V.

137 2124 208 2147 om.
234 2113 317 2148 cett.
371 2117 423 2147 14.
450 2113 528 2159 καί]
554 2114 776 2157 expunctum
799 2112 842 2148 V.
880 2111 912 2158 ὁ]
938 2112 982 2156 V,
1006 2124 1077 2158 mg.
1105 2112 1194 2148 ὅταν
1218 2111 1237 2147 ὁ
1263 2124 1309 2148 m.
1332 2117 1363 2148 2.
1401 2113 1459 2149 &ul

138 2161 322 2204 φανερῶν]
348 2159 481 2241 ingan.
501 2160 542 2195 V.
581 2160 767 2205 φανερῶν]
793 2169 909 2203 comp.
929 2158 955 2203 l,
979 2164 1110 2203 φανῶν
1135 2158 1211 2194 Lv'.
1251 2163 1304 2194 15.
1329 2159 1460 2206 ἀρχάς]

138 2216 248 2250 supra
272 2218 319 2241 m.
348 2210 365 2240 1
427 2234 434 2241 .

196 2313 231 2349 h.
261 2317 292 2347 4.
319 2311 398 2359 ὅλα]
425 2312 508 2348 fort.
535 2312 808 2358 interpolatum.
