1494 2450
524 89 866 125 PHAENOMENA
1318 86 1374 128 47

24 240 26 260 ᾗ
84 198 140 242 sit
165 200 209 242 in
234 200 393 242 mundo
419 200 598 242 horizon
623 201 770 253 ΑΒΓ,
803 198 990 241 aestivus
1016 200 1161 240 autem
1186 197 1378 252 tropicus

24 267 130 318 ³AA,
161 265 357 307 hiemalis
389 268 530 308 autem
564 265 754 320 tropicus
780 266 878 319 EF,
910 263 1106 306 zodiacus
1132 265 1275 306 autem
1301 263 1379 304 cir-

22 330 144 382 )culus
168 330 427 386 positionem
452 330 608 374 habeat
628 333 763 385 ΑΓΖ,
790 332 833 372 et
852 330 910 371 sit
930 328 1222 371 semicirculus
1242 330 1377 381 ΑΖΓ,

20 397 96 452 qui
121 398 221 451 post
247 395 456 439 Cancrum
482 399 560 451 est,
587 396 666 439 sub
693 399 824 452 terra3
860 397 995 438 ΓΗΑ
1021 397 1164 437 autem
1191 394 1376 436 semicir-

19 460 143 504 culus
169 462 225 504 sit
251 465 352 517 post
379 461 685 518 Capricornum
712 464 755 504 et
781 462 838 503 sit
864 475 992 516 supra
1018 463 1187 502 terram.

82 527 166 570 iam
203 528 452 570 auferantur
488 542 611 571 arcus
650 528 848 583 aequales
886 529 994 581 PH,
1024 529 1123 581 ZA,
1160 527 1209 567 ut
1248 525 1305 567 sib
1342 527 1377 566 Z

18 596 181 650 'puncto
209 596 256 636 H
283 595 404 636 iuxta
436 594 692 636 diametrum
724 593 995 649 opposissum,
1033 594 1076 634 et
1107 591 1195 633 sint
1227 590 1376 634 circuli

21 660 224 716 paralleli,
249 674 326 715 per
352 674 460 714 quos
484 662 644 716 puncta
673 662 721 714 Z,
743 661 795 701 H
812 658 1021 713 feruntur,
1048 660 1194 712 ΒΖΘ,
1221 659 1376 712 ΚΗΛ;

21 727 225 780 punctum
242 728 300 767 M
312 725 446 781 igitur
464 727 625 782 puncto
641 728 691 767 N
704 725 824 767 iuxta
839 724 1094 766 diametrum
1109 722 1376 778 oppositum3

81 873 133 910 sit
156 872 198 910 in
223 872 370 911 mundo
394 873 557 912 horizon
583 874 712 918 ΑΒΓ,
738 875 778 911 et
803 874 978 912 aestivus
1005 870 1183 920 tropicus
1210 870 1263 908 sit
1288 871 1375 918 ΑΔ,

21 931 202 971 hiemalis
230 934 364 971 autem
389 934 566 982 tropicus
591 935 671 983 BF,
704 933 889 972 zodiacus
904 932 1046 969 *autem
1075 929 1245 968 circulus
1270 929 1374 979 posi·

23 991 168 1030 tionem
193 991 340 1031 habeat
364 994 400 1030 A
409 994 544 1043 EBZ,
578 995 618 1031 et
649 992 728 1031 sint
752 994 886 1042 partes
913 989 1125 1031 orientales
1152 991 1196 1040 Γ,
1222 991 1278 1038 A,
1311 1001 1375 1027 oc-

33 1076 35 1078 ·
946 1049 1163 1088 cidentales
1177 1049 1314 1087 autem
1325 1051 1376 1097 A,

944 1110 990 1158 B,
1010 1110 1050 1147 et
1062 1110 1171 1147 ΔΕΒ
1192 1108 1245 1147 sit
1259 1108 1373 1146 semi-

945 1168 1115 1207 circulus
1148 1170 1240 1218 post
1274 1167 1373 1206 Can-

945 1240 1076 1279 crum,
1101 1229 1214 1267 BZA
1239 1228 1374 1266 autem

944 1287 1215 1326 semicirculus
1282 1289 1375 1337 post

944 1347 1249 1397 Capricornum3
1273 1346 1374 1395 dico,

944 1419 1010 1446 eos
1045 1407 1186 1446 circuli
1220 1405 1374 1445 zodiaci

943 1467 1210 1506 semicirculos
1225 1496 1236 1516 ‚
1303 1467 1374 1516 qui

942 1526 1140 1576 principia
1170 1526 1212 1564 in
1237 1525 1373 1564 eodem

973 1586 1121 1624 circulo
1146 1585 1342 1636 parallelo

942 1658 1022 1683 non
1065 1645 1264 1696 habeant,
1314 1645 1372 1683 in-

944 1704 1178 1755 aequalibus
1222 1706 1371 1754 tempo-

943 1764 1052 1803 ribus
1074 1764 1170 1803 oriri
1190 1777 1236 1803 ac
1248 1765 1372 1802 maxi-

942 1836 1007 1862 mo
1054 1823 1214 1874 quidem
1257 1824 1372 1862 semi-

944 1883 1136 1922 circulum
1156 1885 1277 1936 AER,
1302 1884 1372 1933 qui

944 1945 1036 1993 post
1071 1942 1265 1982 Cancrum
1301 1944 1372 1992 est,

21 1995 170 2035 minore
202 1999 336 2037 autem
368 2012 453 2050 eos,
489 2002 560 2051 qui
592 2001 697 2040 hunc
728 2001 911 2052 deinceps
937 1999 1175 2054 sequantur,
1205 2003 1371 2041 minimo

23 2123 54 2156 6.
80 2121 168 2158 ἔστω
194 2134 284 2159 corr.
310 2135 356 2159 ex
380 2124 457 2160 ἐστί
481 2125 526 2170 V3
551 2126 642 2162 item
668 2126 732 2162 lin.
754 2131 786 2162 8.
846 2132 878 2162 9.
905 2132 974 2173 γῆς
1014 2132 1083 2174 γῆν
1108 2128 1152 2163 ν’.
1191 2128 1281 2163 Post
1305 2134 1373 2174 γῆς

19 2179 93 2214 mg.
125 2169 210 2206 add.
241 2183 291 2207 m.
318 2176 339 2206 2
365 2172 399 2208 V
429 2174 634 2208 secundum
663 2185 736 2210 rec.
757 2176 782 2211 b
809 2174 874 2211 lin.
896 2181 915 2210 6
987 2189 1038 2221 γω
1066 2197 1109 2202 -
1135 2188 1171 2221 p.
1192 2179 1238 2211 48
1262 2175 1329 2211 lin.
1350 2180 1370 2210 2

20 2214 218 2262 ἀνατέλλει,
242 2218 283 2253 in
307 2220 414 2255 textu
439 2222 526 2257 cett.
646 2225 703 2257 22.
736 2222 858 2268 Supra
883 2225 995 2258 ΚΗΛ
1022 2223 1107 2258 add.
1134 2235 1182 2258 m.
1210 2227 1230 2258 2
1256 2223 1290 2259 V
1316 2234 1371 2258 se-

21 2264 182 2300 eundum
205 2276 278 2302 ree.
297 2267 324 2304 b
348 2279 385 2313 p.
405 2271 451 2303 48
476 2268 540 2303 lin.
563 2273 594 2303 6.
620 2268 686 2304 καί
705 2291 748 2295 -
769 2270 834 2305 lin.
855 2273 887 2306 8.
918 2273 944 2305 Z
970 2269 1181 2316 (κείμενον),
1205 2271 1246 2306 in
1267 2272 1372 2306 textu

21 2312 107 2366 eeizt.
143 2313 230 2348 Post
252 2316 358 2351 ΚΗΛ
385 2315 458 2352 del.
483 2316 547 2352 καὶ
574 2316 662 2352 ἔστω
688 2317 774 2362 ὀμοι
799 2318 880 2364 (sic)
899 2331 948 2353 m.
971 2323 988 2352 1
1010 2317 1052 2353 V.
1092 2317 1183 2364 λέγω
1203 2340 1249 2344 -
1268 2331 1303 2363 p.
1325 2322 1371 2353 48

19 2358 84 2396 hn.
105 2364 137 2396 3.
162 2362 294 2409 ΓΜΑ]
321 2362 392 2398 del.
418 2376 465 2400 m.
493 2369 514 2400 2
540 2363 585 2407 V,
611 2375 682 2399 om.
709 2366 797 2401 cett.
