1494 2450
0 157 4 273 f

578 58 882 95 FRAGMENTA
1329 59 1357 101 2
1362 59 1416 101 73

57 170 152 210 ΛΓ
152 171 189 210 Β
221 169 294 210 καὶ
325 175 402 223 τῆς
426 171 526 210 ΑΕ.
576 168 642 211 ὅτι
674 169 760 224 ἄρα
789 174 947 211 κοινοῦ
979 167 1306 224 ἀφαιρεθέντος
1336 173 1417 210 τοῦ

54 233 143 276 ὑπὸ
178 235 305 276 ΓΑΕ
333 234 493 276 λοιπὸν
524 234 573 276 τὸ
605 233 692 276 ὑπὸ
718 236 854 276 ΑΓΕ
885 233 985 276 ἴσον
1016 232 1137 278 ἐστὶν
1168 238 1228 291 τῷ
1254 249 1301 276 τε
1332 232 1417 276 ἀπὸ

0 293 1 315 ³
56 301 165 353 ΛΕ,
195 297 424 341 τουτέστιν
454 304 515 356 τῷ
545 299 633 341 ὑπὸ
660 302 815 355 ΑΕΒ,
846 299 918 342 καὶ
950 303 1011 357 τῷ
1038 298 1123 341 ἀπὸ
1153 301 1230 341 ΓΕ
1259 298 1332 341 καὶ
1357 303 1417 354 τῷ

318 472 1133 736 lh]

55 811 144 853 ὑπὸ
173 813 278 864 ΑΕ,
307 812 347 852 Γ
350 813 398 852 Β.
447 816 602 853 κοινοῦ
635 807 960 865 ἀφαιρεθέντος
984 815 1063 851 τοῦ
1091 807 1176 852 ἀπὸ
1213 811 1253 852 Γ
1255 814 1312 862 Ε,
1349 810 1416 853 ὅτι

57 876 216 918 λοιπὸν
247 876 296 918 τὸ
328 875 414 917 ὑπὸ
444 878 581 918 ΑΕΓ
609 876 710 918 ἴσον
741 872 861 916 ἐστὶν
893 880 952 931 τῷ
984 889 1031 916 τε
1062 874 1148 918 ὑπὸ
1176 878 1309 918 ΑΕΒ
1345 877 1415 918 καὶ
1467 884 1488 915 5

56 945 118 998 τῷ
143 941 230 983 ὑπὸ
257 944 366 994 ΑΕ,
393 943 485 982 ΒΓ.
536 939 657 984 ἔστιν
683 940 743 983 δέ.

356 1143 437 1193 Εἰς
460 1144 510 1186 τὸ
536 1145 730 1199 πόρισμα
755 1149 835 1185 τοῦ
862 1141 902 1185 α’
924 1144 1118 1197 βιβλίου.

119 1236 197 1292 λη’.
232 1236 360 1281 Θέσει
387 1240 515 1289 ὄντος
540 1237 1003 1293 παραλληλογράμμου
1028 1244 1108 1280 τοῦ
1129 1242 1215 1280 ΛΔ
1240 1237 1327 1281 ἀπὸ
1347 1240 1416 1281 δο-

56 1301 218 1353 θέντος
236 1309 318 1346 τοῦ
337 1307 378 1346 Ε
401 1305 631 1359 διαγαγεῖν
649 1304 731 1358 τὴν
750 1306 828 1346 ΕΖ
846 1303 919 1345 καὶ
937 1309 1083 1346 ποιεῖν
1104 1307 1204 1346 ἴσον
1222 1304 1272 1347 τὸ
1295 1306 1419 1346 ΖΓΗ

57 1371 278 1425 τρίγωνον
302 1374 361 1428 τῷ
384 1374 469 1412 ΑΔ
493 1368 948 1426 παραλληλογράμμῳ.
1446 1378 1488 1408 10

691 1433 919 1490 γεγονέτω.
953 1434 1046 1477 ἐπεὶ
1066 1431 1150 1477 οὖν
1171 1438 1272 1477 ἴσον
1296 1433 1417 1477 ἐστὶν

63 1493 91 1526 Z
352 1496 385 1527 Α
586 1494 679 1543 Γτὸ
709 1502 836 1542 ΖΓΗ
859 1501 1081 1554 τρίγωνον
1105 1505 1166 1557 τῷ
1193 1504 1281 1557 ΑΔ
1306 1514 1415 1553 παρ-

630 1565 1002 1622 αλληλογράμμῳ,
1038 1565 1087 1607 τὸ
1121 1562 1176 1607 δὲ
1196 1568 1282 1607 ΑΔ
1307 1579 1417 1620 παρ-

286 1563 407 1791 ⁴
628 1632 999 1685 αλληλόγραμμον
1031 1631 1269 1673 διπλάσιόν
1295 1630 1417 1672 ἐστιν

627 1702 706 1738 τοῦ
722 1697 846 1738 ΑΓΔ
866 1696 1103 1750 τριγώνου,
1122 1694 1195 1737 καὶ
1216 1696 1266 1738 τὸ
1283 1699 1318 1737 Ζ
1331 1697 1424 1737 ΓΗ
1446 1705 1487 1735 15

486 1794 520 1829 H
628 1762 714 1816 ἄρα
756 1762 978 1816 τρίγωνον
1022 1761 1258 1803 διπλάσιόν
1294 1759 1418 1803 ἐστιν

417 1807 524 1882 k
629 1833 709 1869 τοῦ
723 1827 849 1868 ΑΓΔ
864 1826 1099 1881 τριγώνου.
1121 1826 1180 1876 ὡς
1194 1824 1241 1868 δὲ
1255 1826 1304 1868 τὸ
1323 1827 1412 1878 τρίἁ
1484 1872 1487 1875 v

176 1897 204 1928 B
399 1899 432 1930 A
525 1898 558 1931 Ε
629 1907 780 1946 γωνον
803 1893 914 1946 πρὸς
940 1892 988 1933 τὸ
1012 1893 1247 1947 τρίγωνον,
1266 1892 1347 1933 διὰ
1368 1891 1417 1934 τὸ

630 1955 730 2011 περὶ
768 1957 849 2010 τὴν
886 1956 1027 2011 αὐτὴν
1064 1958 1233 2011 γωνίαν
1267 1957 1349 2011 τὴν
1383 1957 1425 1998 Γ

61 2019 204 2070 οὕτως
235 2018 356 2062 ἐστὶν
385 2022 435 2063 τὸ
467 2021 554 2064 ὑπὸ
583 2024 719 2064 ΖΓΗ
750 2022 862 2076 πρὸς
894 2022 942 2064 τὸ
970 2021 1056 2064 ὑπὸ
1085 2023 1227 2064 ΑΓΔ.
1278 2021 1418 2064 δοθὲν
1444 2031 1488 2062 20

62 2084 113 2127 δὲ
137 2085 187 2127 τὸ
212 2085 298 2127 ὑπὸ
326 2088 476 2128 ΑΓΔ·
510 2087 692 2130 ὄοθὲν’
675 2088 763 2142 ἄρα
784 2085 857 2129 καὶ
883 2087 933 2129 τὸ
959 2086 1046 2129 ὑπὸ
1075 2088 1208 2129 ΖΓΗ.
1246 2087 1317 2129 καὶ
1344 2087 1416 2129 δο-

125 2229 156 2260 1.
187 2227 311 2272 ΑΓΒ]
338 2229 412 2262 ΑΓ
435 2230 501 2262 ΓΒ
533 2227 692 2263 Hultsch
717 2239 800 2263 cum
828 2226 1415 2272 Commandino.19.mel]

61 2269 161 2308 εἶναι
185 2274 271 2316 περὶ
295 2273 467 2310 Hultech.
535 2279 591 2310 22.
618 2274 815 2322 δοθέντος]
841 2273 916 2311 ἀπὸ
942 2274 1126 2316 δοθέντος
1149 2274 1308 2310 Hultsch
1333 2285 1417 2310 cum

62 2319 343 2356 Commandino

134 2386 212 2413 Euo
218 2387 319 2413 udo·
354 2387 488 2414 eamn
490 2388 612 2420 ioebrg
596 2389 764 2421 eeetung.
791 2389 880 2414 vm.
1160 2384 1201 2416 18
