1494 2450
594 25 899 61 FRAGMENTA
1339 25 1425 67 279

69 137 180 193 πρὸς
211 135 447 189 ἐλάσσονα,
482 133 555 177 καὶ
587 140 639 190 τῇ
666 136 755 176 ΡΤ
782 134 854 188 ἴση
880 135 1047 176 κείσθω
1072 133 1098 188 ἡ
1133 137 1224 189 ΤΥ,
1255 134 1326 176 καὶ
1353 148 1427 176 πε-

68 204 294 257 ποιήσθω,
329 201 387 251 ὡς
417 201 443 255 ἡ
476 202 564 242 ΤΣ
591 200 701 253 πρὸς
730 200 812 255 τὴν
838 202 946 253 ΣΤ,
981 199 1121 249 οὕτως
1150 199 1178 254 ἡ
1205 201 1287 241 ΑΒ
1317 199 1427 252 πρὸς

68 268 150 322 τὴν
175 269 286 319 BH,
321 266 581 320 πεποιήσθω
615 262 664 307 δὲ
698 265 790 319 καί,
828 265 888 316 ὡς
912 263 939 319 ἡ
967 267 1053 306 ΡΤ
1076 263 1188 319 πρὸς
1212 265 1294 319 τὴν
1322 264 1425 318 ΤΣ,

70 332 210 382 οὕτως
233 331 259 386 ἡ
285 332 378 374 ΑΘ
406 331 517 386 πρὸς
548 331 630 385 τὴν
658 326 763 383 ΘἙ,
795 329 869 373 καὶ
894 329 1139 385 γεγράφθω
1165 330 1265 383 περὶ
1290 328 1427 381 ἄξονα

67 413 147 440 τον
181 399 278 439 ΘΗ
308 394 379 439 ἐπὶ
417 395 499 451 μὲν
535 401 612 449 τῆς
649 395 824 451 πρώτης
859 396 1067 445 πτώσεως
1104 392 1316 449 ἔλλειψις,
1356 394 1425 437 ἐπὶ
1476 403 1494 433 5

68 1191 117 1236 δὲ
156 1199 229 1248 τῆς
267 1192 476 1249 δευτέρας
506 1193 751 1248 ὑπερβολή,
790 1193 920 1247 ὥστε,
959 1186 1057 1234 οἷον
1089 1190 1167 1234 ἐὰν
1200 1189 1426 1245 ε’πάὐτῆς

70 1261 223 1315 ληφθῇ
261 1265 444 1314 σημεῖον
482 1258 542 1308 ὡς
579 1257 628 1300 τὸ
669 1259 727 1312 Γ,
765 1256 837 1300 καὶ
876 1258 1066 1307 κάθετος
1103 1257 1221 1313 ἀχθῇ
1258 1257 1285 1311 ἡ
1327 1258 1425 1308 ΓΔ,

69 1327 203 1379 λόγον
246 1319 361 1367 εἶναι
402 1330 482 1366 τοῦ
528 1322 612 1367 ὑπὸ
656 1331 747 1366 τῶν
787 1325 931 1365 ΘΔΗ
965 1321 1077 1377 πρὸς
1118 1321 1168 1364 τὸ
1213 1320 1299 1364 ἀπὸ
1339 1326 1382 1363 A
1391 1324 1433 1364 Γ

67 1389 147 1433 τὸν
172 1388 455 1445 συνημμένον
480 1387 527 1431 ἔκ
551 1405 598 1432 τε
623 1395 718 1443 τοῦ,
744 1389 798 1432 ὃν
823 1386 911 1444 ἔχει
935 1388 961 1443 ἡ
995 1390 1081 1430 ΤΣ
1101 1386 1206 1443 πρὸς
1229 1391 1271 1430 Σ
1280 1391 1328 1442 Υ,
1353 1388 1425 1429 καὶ

67 1455 111 1507 ἐξ
138 1453 192 1499 οὗ
218 1455 271 1498 ὃν
294 1452 382 1510 ἔχει
406 1455 433 1510 ἡ
462 1458 547 1497 ΤΣ
567 1454 677 1510 πρὸς
698 1458 787 1509 ΣΡ,
812 1455 886 1496 καὶ
910 1453 951 1505 ἐξ
973 1451 1027 1496 οὗ
1047 1453 1100 1496 ὃν
1120 1451 1208 1509 ἔχει
1228 1452 1251 1495 ὁ
1272 1451 1427 1503 δοθεὶς
1456 1460 1494 1491 10

69 1523 219 1576 λόγος,
254 1521 302 1571 ὅς
333 1520 456 1563 ἐστιν
487 1520 510 1563 ὁ
542 1526 622 1563 τοῦ
655 1519 739 1563 ἀπὸ
767 1522 855 1562 ΡΤ
881 1518 992 1574 πρὸς
1022 1517 1072 1561 τὸ
1099 1517 1183 1561 ἀπὸ
1217 1521 1318 1573 ΤΣ,
1353 1517 1425 1560 καὶ

67 1588 192 1643 ἤχθω
219 1587 334 1642 ὀρθὴ
360 1587 387 1642 ἡ
413 1588 511 1628 ΒΚ.
562 1585 689 1640 λέγω,
715 1586 782 1629 ὅτι
807 1586 834 1640 ἡ
864 1587 958 1627 ΘΚ
981 1592 1103 1627 ποιεῖ
1124 1583 1174 1626 τὸ
1202 1582 1425 1637 ἐπίταγμα.

127 1659 254 1713 ἤχθω
286 1659 368 1712 γὰρ
401 1659 589 1707 κάθετος
614 1657 640 1712 ἡ
669 1659 770 1711 ΓΔ,
796 1657 870 1699 καὶ
894 1658 1178 1711 πεποιήσθω,
1210 1655 1268 1705 ὡς
1293 1652 1374 1710 μὲν
1400 1654 1425 1708 ἡ

70 1726 152 1766 ΑΒ
177 1721 288 1778 πρὸς
311 1723 394 1777 τὴν
420 1725 530 1775 ΒΗ,
556 1722 697 1772 οὕτως
722 1723 748 1777 ἡ
779 1725 853 1764 ΖΒ
879 1721 988 1776 πρὸς
1013 1722 1094 1776 τὴν
1120 1723 1216 1774 ΒΑ,
1242 1721 1300 1770 ὡς
1325 1718 1374 1763 δὲ
1399 1722 1425 1775 ἡ

69 1790 159 1830 ΑΘ
190 1787 302 1841 πρὸς
333 1789 414 1843 τὴν
443 1791 547 1841 ΘΒ,
585 1788 725 1838 οὕτως
755 1789 782 1843 ἡ
809 1790 893 1830 ΕΔ
923 1786 1034 1842 πρὸς
1064 1788 1145 1841 τὴν
1171 1789 1276 1828 ΔΒ·
1316 1786 1425 1828 ὥστε
1455 1794 1494 1824 15

68 1851 191 1896 ἔσται
223 1853 246 1895 ὁ
278 1851 359 1908 μὲν
389 1860 466 1909 τῆς
490 1857 534 1895 Δ
543 1856 591 1895 Η
616 1852 727 1907 πρὸς
757 1854 839 1908 τὴν
864 1855 953 1895 ΑΖ
985 1853 1119 1906 λόγος
1148 1851 1171 1894 ὁ
1204 1850 1335 1901 αὐτὸς
1365 1857 1425 1909 τῷ

69 1925 145 1973 τῆς
171 1921 254 1961 ΗΒ
279 1918 389 1974 πρὸς
413 1920 494 1974 τὴν
521 1922 617 1973 BA,
642 1918 873 1962 τουτέστιν
898 1922 959 1975 τῷ
984 1924 1061 1973 τῆς
1093 1920 1174 1960 ΤΣ
1194 1916 1304 1972 πρὸς
1331 1920 1425 1969 ΣΤ,

70 1983 94 2026 ὁ
120 1981 169 2025 δὲ
193 1986 380 2038 τῆς-ΘΔ
404 1982 515 2039 πρὸς
540 1987 625 2026 ΑΕ
649 1986 780 2038 λόγος
805 1984 829 2027 ὁ
855 1984 989 2034 αὐτός
1014 1983 1136 2026 ἐστιν
1161 1988 1221 2040 τῷ
1241 1989 1318 2038 τῆς
1350 1985 1430 2024 ΤΣ

70 2046 180 2104 πρὸς
198 2051 297 2090 ΣΡ·
330 2048 380 2091 τὸ
406 2049 513 2092 αὐτὸ
539 2050 622 2104 γὰρ
643 2048 693 2092 ἐν
711 2056 763 2106 τῇ
785 2049 996 2091 ἀναλύσει
1016 2048 1258 2103 ἀπεδείχθη
1274 2060 1283 2070 ·
1316 2050 1425 2090 ὥστε

69 2120 150 2156 τοῦ
174 2112 262 2155 ὑπὸ
285 2116 420 2156 ΘΔΗ
439 2113 549 2169 πρὸς
573 2114 623 2157 τὸ
649 2114 735 2156 ὑπὸ
758 2117 882 2156 ΖΑΕ
906 2116 1035 2169 λόγος
1061 2121 1279 2169 συνῆπται
1307 2112 1349 2164 ἐξ
1370 2109 1424 2155 οὗ
1453 2121 1494 2151 20

133 2246 188 2277 11.
222 2243 287 2278 καὶ
311 2240 430 2289 ἤχθω]
457 2243 635 2289 κατήχθω
663 2244 760 2287 cod.,
794 2243 965 2278 Hultsch.
1117 2245 1170 2278 18.
1208 2242 1321 2289 ἐστιν]
1350 2242 1422 2278 del.

71 2289 240 2325 Hultseh.
339 2294 395 2325 19.
421 2288 462 2326 τὸ
487 2290 593 2338 αὐτὸ]
621 2297 730 2327 τοῦτο
757 2302 855 2335 susp.
882 2290 1050 2325 Hultseh.
