1494 2450
156 90 211 131 30
660 90 964 124 ΦΑΙΝΟΜΕΝΑ

156 196 264 238 ὥστε
301 195 585 249 ἀσύμπτωτον
621 191 733 238 εἶναι
768 195 816 236 τὸ
853 194 936 237 ἀπὸ
967 201 1045 237 τοῦ
1070 199 1110 237 Ε
1137 195 1394 250 ἡμικύκλιον
1423 197 1479 248 ὡς

156 260 224 302 ἐπὶ
248 260 300 302 τὰ
329 263 376 313 Ζ,
404 262 452 301 N
476 264 534 317 τῷ
561 259 644 301 ἀπὸ
670 265 748 301 τοῦ
774 263 814 300 Α
839 258 1079 316 ἡμικυκλίῳ
1105 260 1161 309 ὡς
1186 258 1254 301 ἐπὶ
1280 260 1331 301 τὰ
1358 263 1409 312 Α,
1430 262 1476 316 Γ,

156 327 200 366 Κ
221 323 345 379 μέρη·
378 324 504 378 ὁμοία
529 324 611 378 ἄρα
635 323 755 365 ἐστὶν
779 323 804 377 ἡ
834 325 919 364 ΖΚ
939 323 1192 379 περιφέρεια
1216 329 1267 378 τῇ
1288 327 1383 365 ΝΜ
1406 338 1478 366 πε-

156 389 369 443 ριφερείᾳ·
419 388 547 442 λοιπὴ
579 389 662 442 ἄρα
686 388 712 442 ἡ
741 390 823 429 ΘΖ
853 387 1104 442 περιφέρεια
1137 388 1207 430 καὶ
1240 388 1266 442 ἡ
1297 388 1478 443 συνεχὴς

113 462 132 491 5
159 452 266 508 αὐτῇ
291 451 376 493 ὑπὸ
401 458 485 506 γῆν
509 451 631 506 μέχρι
657 458 735 493 τοῦ
756 454 800 493 Κ
822 454 1002 506 σημείου
1027 451 1153 505 ὁμοία
1177 449 1295 493 ἔσται
1321 458 1370 507 τῇ
1394 455 1482 494 ΛΝ

154 518 405 571 περιφερείᾳ
435 515 506 557 καὶ
537 523 587 571 τῇ
621 522 792 570 συνεχεῖ
823 516 929 571 αὐτῇ
960 522 1011 570 τῇ
1036 516 1121 558 ὑπὸ
1147 521 1230 570 γῆν
1253 515 1375 571 μέχρι
1400 523 1476 558 τοῦ

155 583 212 621 Μ
231 581 422 634 σημείου.
454 579 502 622 ἐν
527 580 605 637 ἴσῳ
633 580 715 633 ἄρα
740 583 880 637 χρόνῳ
906 581 957 622 τὰ
986 583 1032 634 Ζ,
1051 583 1101 621 N
1119 587 1271 634 σημεῖα
1291 581 1366 629 τὰς
1387 583 1475 635 ΖΘ,

156 646 241 685 ΝΛ
266 647 541 699 περιφερείας
565 644 636 685 καὶ
662 645 737 693 τὰς
763 651 955 699 συνεχεῖς
980 643 1127 693 αὐταῖς
1151 645 1226 693 τὰς
1249 643 1372 698 μέχρι
1391 652 1476 686 τῶν

156 710 209 761 K,
234 711 292 749 M
316 711 503 762 σημείων
529 709 848 764 διαπορεύεται·
889 709 940 749 τὰ
969 711 1015 762 Ζ,
1042 711 1091 749 N
1111 716 1261 762 σημεῖα
1285 709 1367 763 ἄρα
1392 709 1477 763 ἅμα

86 781 128 811 10
155 771 394 814 ἀνατέλλει·
431 773 479 814 τὸ
507 769 555 814 δὲ
581 775 630 814 Ν
648 778 727 814 τοῦ
754 775 804 814 Η
821 774 1033 827 πρότερον
1057 771 1293 814 ἀνατέλλει·
1335 772 1405 814 καὶ
1429 773 1475 815 τὸ

157 838 190 876 Ζ
216 836 298 890 ἄρα
324 842 402 878 τοῦ
429 839 479 877 Η
497 838 709 891 πρότερον
735 835 967 878 ἀνατέλλει.

213 899 336 954 λέγω,
362 900 427 942 ὅτι
451 900 524 942 καὶ
548 900 734 955 ὕστερον
759 901 893 943 δύνει.

212 964 449 1019 γεγράφθω
477 965 549 1006 διὰ
568 970 647 1006 τοῦ
670 967 705 1006 Ζ
725 966 901 1019 σημείου
921 963 1119 1019 μέγιστος
1137 965 1292 1014 κύκλος
1311 964 1334 1007 ὁ
1354 965 1476 1012 ΞΖΔ

154 1027 450 1083 ἐφαπτόμενος
474 1034 550 1070 τοῦ
571 1032 703 1070 ΑΔΕ
726 1029 903 1083 κύκλου,
928 1029 1036 1071 ὥστε
1061 1028 1347 1083 ἀσύμπτωτον
1366 1026 1475 1072 εἶναι

84 1102 126 1133 15
152 1093 199 1133 τὸ
226 1092 308 1134 ἀπὸ
333 1098 412 1135 τοῦ
437 1096 480 1134 Λ
505 1092 763 1147 ἡμικύκλιον
788 1093 846 1142 ὡς
869 1092 938 1135 ἐπὶ
963 1093 1015 1134 τὰ
1040 1096 1096 1146 Δ,
1122 1092 1161 1140 ,Ξ
1181 1092 1288 1148 με’ρη
1313 1097 1371 1151 τῷ
1391 1093 1474 1135 ἀπὸ

151 1162 228 1198 τοῦ
249 1159 291 1198 Α
315 1157 553 1214 ἡμικυκλίῳ
580 1157 636 1206 ὡς
661 1156 730 1199 ἐπὶ
754 1157 806 1198 τὰ
824 1160 880 1211 A,
903 1160 940 1198 Θ
963 1156 1081 1211 μέρη.
1107 1156 1232 1210 ὁμοία
1257 1158 1339 1212 ἄρα
1358 1156 1476 1199 ἐστὶν

150 1220 176 1274 ἡ
206 1224 288 1262 ΖΘ
313 1220 567 1276 περιφέρεια
591 1227 641 1277 τῇ
668 1221 746 1268 ΞΛ
769 1223 1033 1277 περιφερείᾳ.
1065 1220 1112 1263 ἐν
1132 1225 1211 1277 ἴσῳ
1232 1222 1314 1276 ἄρα
1333 1223 1473 1278 χρόνῳ

151 1286 198 1327 τὸ
229 1288 262 1326 Ζ
293 1286 371 1339 τὴν
400 1288 482 1327 ΖΘ
513 1285 794 1340 περιφέρειαν
825 1286 1126 1340 διαπορεύεται
1156 1286 1227 1328 καὶ
1257 1287 1305 1328 τὸ
1331 1286 1370 1333 Ξ
1396 1287 1475 1340 τὴν

153 1349 247 1396 ΞΛ·
290 1355 367 1391 τοῦ
398 1352 431 1390 Ζ
462 1350 544 1404 ἄρα
577 1348 645 1391 ἐπὶ
670 1350 718 1391 τὸ
748 1353 784 1391 Θ
816 1356 993 1404 σημεῖον
1023 1349 1377 1404 παραγενομένου
1403 1350 1474 1392 καὶ

81 1422 124 1453 20
152 1413 199 1455 τὸ
220 1412 260 1460 Ξ
282 1412 351 1455 ἐπὶ
375 1413 424 1455 τὸ
446 1416 486 1455 Λ
503 1412 722 1469 παρέσται.
752 1414 804 1455 τὰ
827 1416 880 1468 Ζ,
901 1413 939 1460 Ξ
961 1413 1043 1469 ἄρα
1063 1420 1215 1469 σημεῖα
1235 1414 1319 1468 ἅμα
1339 1414 1472 1456 δύνει.

149 1478 197 1519 τὸ
224 1477 273 1519 δὲ
298 1480 349 1518 Η
372 1484 451 1519 τοῦ
478 1477 518 1525 Ξ
543 1479 756 1534 πρότερον
788 1478 925 1520 δύνει·
969 1478 1040 1520 καὶ
1070 1479 1118 1520 τὸ
1145 1480 1196 1519 Η
1220 1478 1302 1533 ἄρα
1333 1484 1411 1520 τοῦ
1439 1481 1472 1519 Ζ

149 1543 363 1596 πρότερον
406 1542 548 1584 δύνει·
603 1542 711 1584 ὥστε
753 1542 801 1584 τὸ
842 1545 876 1583 Ζ
918 1549 995 1584 τοῦ
1034 1545 1084 1583 Η
1113 1542 1296 1597 ὕστερον
1333 1543 1471 1584 δύνει·

149 1605 324 1661 ἐδείχθη
357 1603 404 1647 δὲ
435 1606 507 1648 καὶ
537 1608 749 1661 πρότερον
780 1605 1031 1648 ἀνατέλλον·
1081 1607 1128 1649 τὸ
1155 1607 1198 1648 Ζ
1218 1607 1299 1662 ἄρα
1324 1612 1403 1648 τοῦ
1429 1607 1479 1648 Η

147 1671 360 1726 πρότερον
383 1668 463 1724 μὲν
488 1670 722 1724 ἀνατέλλει,
747 1670 931 1726 ὕστερον
957 1668 1004 1712 δὲ
1030 1671 1165 1713 δύνει.

79 1801 123 1831 25
789 1792 836 1842 ς’.

213 1875 273 1916 Τὰ
293 1874 360 1916 ἐπὶ
381 1881 459 1916 τοῦ
479 1875 690 1931 ζῳδιακοῦ
711 1876 873 1917 κύκλου
894 1876 1028 1929 ἄστρα
1046 1875 1097 1916 τὰ
1115 1875 1221 1916 κατὰ
1240 1874 1472 1930 διάμετρον

147 1939 251 1980 ὄντα
275 1939 382 1980 κατὰ
407 1941 617 1992 συζυγίαν
643 1937 863 1981 ἀνατέλλει
889 1954 934 1981 τε
961 1939 1030 1981 καὶ
1057 1939 1196 1981 δύνει·
1241 1938 1398 1992 ὁμοίως
1422 1936 1470 1980 δὲ

146 2000 216 2043 καὶ
242 2003 292 2044 τὰ
319 2001 387 2044 ἐπὶ
412 2008 490 2044 τοῦ
518 2003 781 2058 ἰσημερινοῦ.

204 2068 310 2107 ἔστω
349 2066 397 2108 ἐν
433 2068 579 2123 κόσμῳ
617 2067 773 2120 ὁρίζων
803 2067 826 2109 ὁ
859 2069 1000 2120 ΑΒΓ,
1037 2066 1060 2108 ὁ
1097 2067 1145 2109 δὲ
1180 2074 1267 2109 τῶν
1304 2068 1470 2123 ζῳδίων

77 2143 120 2173 30
145 2131 300 2179 κύκλος
325 2129 454 2172 θέσιν
479 2130 606 2185 ἐχέτω
632 2132 711 2186 τὴν
736 2131 835 2172 AH
837 2133 918 2173 BA
926 2163 937 2184 ,
969 2131 1213 2185 ἰσημερινὸς
1239 2128 1285 2172 δὲ
1310 2128 1418 2173 ἔστω
1445 2130 1468 2172 ὁ

205 2249 235 2280 2.
262 2246 319 2292 Ν]
345 2256 432 2281 corr.
459 2257 502 2281 ex
531 2249 562 2280 K
585 2258 631 2281 m.
659 2250 678 2280 2
705 2247 746 2282 V.
819 2246 907 2281 Post
932 2249 972 2281 N
994 2246 1077 2282 add.
1103 2246 1192 2292 μέρη
1218 2258 1263 2281 m.
1293 2251 1309 2281 1
1337 2246 1420 2281 vat.

145 2295 172 2325 A
197 2291 301 2374 φῶ]
326 2303 395 2328 om.
421 2293 504 2327 Vat.
596 2297 627 2327 3.
654 2291 763 2338 ὁμοία
788 2314 833 2318 -
858 2296 889 2327 9.
917 2293 1188 2339 διαπορεύεται]
1216 2304 1288 2338 mg.
1315 2305 1360 2347 ιιι.
1390 2296 1409 2326 2
1435 2293 1468 2325 V

145 2340 196 2383 (κε
214 2341 349 2383 μενον).
418 2342 448 2374 3.
476 2339 582 2385 ΝΜ]
607 2342 692 2375 ΜΝ
719 2340 797 2375 Vat.
860 2343 890 2374 9.
918 2340 1005 2374 Post
1030 2345 1158 2385 σημεῖα
1182 2350 1251 2375 ηε.
1279 2343 1298 2374 3
1325 2339 1395 2374 htt.
1422 2339 1463 2375 V.
