1494 2450
502 31 843 69 PHAENOMENA
1297 27 1318 69 7
1325 26 1352 68 9

0 141 4 204 ζ
65 160 163 203 ergo
183 143 448 198 semicirculi,
475 143 548 198 qui
567 144 667 198 post
688 140 896 183 Cancrum
918 141 993 192 est,
1013 136 1211 192 aequales
1232 149 1354 178 arcus

0 211 296 276 ¹inaequalibus
327 209 592 264 temporibus
625 206 843 259 occidunt,
874 219 923 246 ac
955 204 1142 246 maximo
1170 201 1356 257 quidem,

0 277 82 335 Qqui
111 276 163 319 ad
193 277 412 319 contactus
445 274 710 329 tropicorum
742 274 859 326 sunt,
891 270 1056 312 minore
1088 270 1250 322 autem,
1282 266 1356 321 qui

0 339 87 400 [hos
118 342 311 396 deinceps
343 343 596 395 sequuntur,
631 337 822 380 minimis
855 338 994 378 autem
1030 334 1104 390 qui
1137 333 1189 375 ad
1215 333 1357 387 aequi-

0 407 232 461 noctialem
253 409 365 462 sunt,
389 405 639 461 aequalibus
659 402 800 445 autem
822 402 864 457 ii,
885 402 958 456 qui
979 401 1031 442 ab
1052 397 1357 455 aequinoctiali

0 468 172 528 {aequali
189 472 413 514 intervallo
434 471 607 512 distant.
632 470 717 511 iam
739 468 938 510 similiter
957 464 1357 518 demonstrabimus,

0 534 82 598 Jeos
107 537 269 594 aequali
295 538 405 578 inter
431 551 474 577 se
501 539 694 590 tempore
720 534 833 576 oriri.

623 677 738 720 XIII.

71 762 343 818 Semicirculi,
370 763 443 817 qui
469 765 568 817 post
588 760 894 817 Capricornum
916 763 993 814 est,
1018 759 1217 814 aequales
1237 771 1360 800 arcus

15 828 301 884 inaequalibus
333 828 598 884 temporibus
631 828 847 881 oriuntur,
879 841 928 869 ac
954 824 1150 867 maximis
1177 822 1362 878 quidem,

15 893 86 951 qui
110 894 162 936 ad
187 895 407 936 contactus
427 893 690 948 tropicorum
712 895 823 947 sunt,
849 891 1086 933 minoribus
1106 892 1262 944 autem,
1288 888 1363 944 qui

14 960 91 1002 hos
122 959 318 1015 deinceps
345 961 597 1014 sequuntur,
628 958 818 999 minimis
845 959 1006 1012 autem,
1041 957 1115 1012 qui
1142 955 1195 997 ad
1221 954 1362 1010 aequi-

15 1025 235 1068 noctialem
256 1027 366 1080 sunt,
393 1023 642 1079 aequalibus
664 1026 804 1066 autem
825 1023 869 1079 ii,
892 1022 966 1077 qui
986 1022 1038 1064 ab
1059 1020 1364 1076 aequinoctiali

17 1091 178 1147 aequali
202 1092 426 1134 intervallo
453 1091 626 1145 distant,
651 1092 692 1132 et
718 1089 917 1132 occidunt
942 1091 984 1130 et
1010 1087 1217 1130 oriuntur.

73 1157 130 1199 sit
158 1158 203 1199 in
227 1157 386 1198 mundo
411 1156 590 1198 horizon
616 1157 759 1210 ΑΒΓ,
792 1154 979 1197 aestivus
1005 1156 1147 1194 autem
1174 1152 1365 1207 tropicus

19 1225 120 1277 AE,
154 1221 349 1264 hiemalis
381 1224 523 1264 autem
556 1220 746 1275 tropicus
781 1222 873 1275 ΓΖ,
911 1217 1237 1275 aequinoctialis
1270 1219 1366 1271 BA,

1 1287 208 1340 xzodiacus
240 1289 381 1330 autem
408 1286 590 1328 circulus
616 1286 874 1342 positionem
900 1284 1058 1327 habeat
1085 1284 1288 1336 ΛΗΓΘ,
1323 1283 1367 1323 et

0 1341 75 1395 isit
109 1353 414 1408 semicirculus,
454 1353 528 1407 qui
564 1354 664 1408 post
696 1350 1001 1407 Capricornum
1034 1349 1125 1392 sub‘
1145 1351 1257 1391 teri-a
1289 1350 1367 1403 est,

0 1391 158 1486 iPHA’
183 1420 225 1461 et
251 1417 464 1460 dividatur
490 1419 668 1472 uterque
695 1416 772 1459 sub
793 1419 906 1459 terra
925 1416 1138 1472 quadrans
1161 1416 1258 1466 PH,
1278 1415 1366 1455 HA

2 1483 64 1590 31η
87 1483 208 1540 signa
232 1483 278 1525 in
301 1483 473 1538 punctis
500 1485 561 1537 K,
585 1485 645 1536 A,
671 1484 740 1536 M,
767 1484 817 1523 N
820 1498 829 1537 ς
856 1481 965 1535 dico,
991 1495 1113 1523 arcus
1142 1482 1241 1533 ΓΚ,
1268 1482 1366 1534 ΚΛ,

3 1627 72 1686 ’,αὖ
100 1631 301 1668 contactus
332 1630 575 1679 tropicorum
609 1630 718 1678 sunt,
757 1628 973 1667 minoribus
1007 1630 1158 1676 autem,
1197 1627 1266 1677 qui
1296 1627 1367 1665 hos

4 1686 197 1744 {deinceps
223 1692 454 1738 sequuntur,
485 1689 659 1727 minimis
686 1691 831 1736 autem,
863 1688 932 1737 qui
958 1688 1008 1726 ad
1035 1687 1368 1736 aequinoctialem

5 1745 8 1795 1
25 1748 121 1801 Sunt,
140 1748 368 1797 aequalibus
388 1761 494 1797 vero,
514 1748 582 1798 qui
602 1748 651 1786 ab
671 1747 956 1798 aequinoctiali
976 1747 1135 1796 aequali
1154 1746 1368 1785 intervallo

5 1797 180 1893 ιᾶἰὲῒδῑιῐ,
203 1810 242 1846 et
267 1808 452 1847 occidunt
477 1809 518 1846 et
543 1808 735 1847 oriuntur.

6 1897 9 1932 l

6 1936 10 1983 ᾗ
569 1932 749 1967 Recensio
775 1933 811 1968 b.

0 1990 2 2007 l

0 2046 2 2049 v
81 1994 188 2034 XIII.
232 1996 494 2047 Semicirculi,
529 1997 598 2047 qui
629 2000 721 2046 post
753 1996 1038 2047 Capricornum
1070 1998 1146 2046 est,
1183 1996 1369 2046 aequales

30 2064 138 2092 arcus
155 2056 429 2106 inaequalibus
448 2057 693 2107 temporibus
712 2057 908 2105 oriuntur,
930 2069 974 2094 ac
995 2055 1176 2095 maximis
1198 2055 1370 2106 quidem,

0 2153 2 2157 ,
27 2112 93 2162 qui
117 2114 166 2152 ad
185 2118 387 2155 contactus
407 2117 650 2166 tropicorum
671 2119 774 2166 sunt,
799 2115 1017 2154 minoribus
1038 2118 1183 2164 autem,
1210 2117 1280 2164 qui
1297 2115 1369 2154 hos

27 2169 203 2222 deinceps
227 2179 456 2225 sequuntur,
486 2175 660 2214 minimis
687 2177 833 2225 autem,
865 2176 935 2225 qui
961 2175 1011 2213 ad
1037 2175 1369 2224 aequinoctialem

0 2233 6 2254 ,v
28 2240 37 2244 .
848 2246 1365 2251 ..ὴ-*ᾠ-

0 2255 7 2308 ¹2
61 2266 119 2303 b
156 2271 189 2303 3.
227 2268 308 2314 Seq.
335 2270 517 2305 scholium
548 2282 600 2305 nr*
625 2274 691 2306 102
718 2273 757 2306 et
782 2271 979 2306 demonstr.
1007 2270 1141 2316 altera,
1176 2282 1208 2306 v.
1236 2281 1321 2316 app.

31 2315 63 2348 8.
85 2313 160 2362 ἴσῳ]
186 2315 279 2357 ἴσοις
303 2328 415 2363 supra
441 2330 487 2354 m.
513 2321 533 2351 2
560 2318 644 2353 Vat.
