1494 2450
544 58 881 94 PHAENOMENA
1334 58 1388 99 57

6 186 7 220 i
44 170 218 226 poribus
257 169 355 212 oriri
394 172 438 212 et
474 168 649 212 eandem
689 167 970 211 differentiam
1010 170 1250 224 temporum
1290 182 1392 219 esse,

4 289 5 294 Ἰ
47 235 200 291 quibus
227 235 483 278 semicirculi
502 236 642 289 ΑΔΓ,
663 236 788 276 ΔΓΕ
812 233 1006 276 oriantur
1031 236 1074 276 et
1098 233 1254 289 quibus
1275 248 1397 276 arcus

0 328 4 365 ;
48 304 148 356 ΑΔ,
169 303 245 343 ΓΕ
268 300 472 344 oriantur.

103 381 200 409 nam
236 366 438 422 quoniam
471 365 728 409 semicirculi
754 367 900 419 ΑΔΓ,
928 369 971 407 Δ
981 366 1067 407 ΓΕ
1102 365 1397 421 inaequalibus

47 431 309 488 temporibus
341 431 556 487 oriuntur,
589 446 813 474 commune
839 431 1057 473 auferatur
1081 433 1252 487 tempus
1279 435 1398 473 ortus

48 512 166 540 arcus
179 499 278 553 ΔΓ;
297 512 417 540 arcus
432 499 520 540 ΔΓ
533 497 646 540 enim
667 511 834 552 semper
852 496 1021 553 aequali
1040 499 1234 553 tempore
1249 497 1397 540 oritur.

48 563 192 618 itaque
216 563 373 618 reliqui
392 577 515 606 arcus
536 566 636 618 ΑΔ,
660 565 737 605 ΓΕ
752 562 968 618 inaequali
988 565 1180 618 tempore
1201 563 1400 605 oriuntur

49 631 90 671 et
121 628 287 671 eaedem
316 628 580 672 differentiae
612 631 711 670 sunt
736 631 995 684 temporum,
1031 628 1186 684 quibus
1212 628 1399 671 semicir-

47 693 131 737 culi
156 696 300 749 ΑΔΓ,
331 699 374 736 Δ
383 697 466 737 ΓΕ
501 697 544 737 et
574 709 697 737 arcus
730 694 918 750 oppositi
944 697 1050 749 ΑΔ,
1078 696 1163 736 ΓΕ
1192 694 1397 737 oriuntur.

48 759 130 803 iam
156 774 303 803 rursus
323 759 577 803 semicirculi
599 762 740 814 ΑΛΓ,
759 761 884 802 ΔΓΕ
907 759 1074 815 aequali
1100 762 1293 815 tempore
1320 761 1400 802 ori-

49 827 195 877 untur3
221 840 444 869 commune
469 826 687 869 auferatur
711 829 878 882 tempus
904 840 1027 868 arcus
1048 828 1140 868 ΓΔ.
1178 840 1280 882 ergo
1301 828 1400 880 ΑΔ,

53 893 128 934 ΓΕ
144 891 310 946 aequali
334 894 526 948 tempore
553 893 758 935 oriuntur.

51 1020 293 1071 temporibus
318 1020 501 1060 oriuntur
526 1016 655 1073 (prop.
676 1016 770 1075 IX);
806 1020 906 1072 dieo,
938 1021 1058 1060 etiam
1085 1033 1199 1059 arcus
1225 1022 1308 1069 ΓΕ,
1335 1022 1400 1058 ΒΖ

54 1078 325 1130 inaequalibus
351 1081 595 1131 temporibus
621 1082 728 1120 oriri.

109 1151 201 1178 nam
226 1140 414 1190 quoniam
442 1142 556 1179 ΓΕΒ
582 1141 732 1180 maiore
758 1143 935 1191 tempore
962 1141 1089 1179 oritur
1114 1153 1236 1190 quam
1262 1141 1401 1188 ΕΒΖ,

51 1211 254 1238 commune
280 1200 486 1239 auferatur
511 1202 669 1251 tempus
696 1203 806 1240 ortus
833 1213 946 1240 arcus
967 1202 1037 1239 ΕΒ
1064 1195 1175 1253 (nam
1196 1212 1310 1238 arcus
1330 1201 1400 1238 ΕΒ

56 2043 210 2082 semper
234 2031 394 2082 aequali
419 2033 595 2082 tempore
621 2026 780 2084 oritur).
823 2030 961 2082 itaque
986 2033 1163 2084 reliquus
1189 2047 1302 2073 arcus
1330 2036 1406 2073 ΓΕ

56 2091 204 2130 maiore
227 2093 403 2142 tempore
428 2092 556 2130 oritur
581 2103 700 2141 quam
726 2093 817 2142 BZ,
843 2093 883 2130 et
907 2092 1085 2142 adparet,
1111 2094 1269 2133 easdem
1296 2094 1405 2133 diffe-

56 2150 203 2189 rentias
236 2163 318 2190 esse
349 2153 591 2200 temporum,
627 2150 771 2201 quibus
798 2152 838 2189 et
863 2152 1101 2192 semicirculi
1125 2156 1161 2192 Γ
1166 2155 1262 2205 ΕΒ,
1288 2155 1405 2193 ΕΒΖ

57 2211 97 2248 et
121 2222 234 2249 arcus
260 2209 435 2261 oppositi
458 2211 543 2260 ΓΕ,
569 2211 635 2248 ΒΖ
662 2210 853 2249 oriantur.
894 2211 1149 2252 manifestum
1174 2215 1235 2252 est
1260 2216 1406 2261 autem,

0 2262 9 2267 ’
59 2268 93 2307 si
119 2269 245 2319 aliqui
269 2269 506 2309 semicirculi
530 2269 763 2320 aequalibus
787 2267 1033 2320 temporibus
1058 2272 1252 2321 oriantur,
1284 2274 1407 2311 etiam

59 2340 171 2367 arcus
197 2329 401 2381 oppositos
426 2329 660 2379 aequalibus
684 2329 932 2381 temporibus
958 2331 1065 2371 oriri.
