1494 2450
227 518 260 558 1.
294 516 362 558 Ad
387 516 477 558 init.
527 517 634 571 Τρία
669 518 780 571 μόνα
818 518 1043 571 ζητοῦνται
1081 517 1128 560 ἐν
1165 499 1270 575 τῷδε
1300 524 1354 575 τῷ
1383 527 1480 562 συν-

163 581 368 635 τάγματι·
414 581 462 623 τὸ
495 587 686 634 σφαῖραν
720 575 831 622 εἶναι
862 581 911 623 τὸ
935 587 1033 636 πᾶν,
1065 581 1113 622 τὸ
1140 579 1412 636 σφαιροειδεῖς
1434 581 1480 630 εὖ

165 646 317 700 ὅμοιον
342 640 468 698 εἶναι,
493 645 541 686 τὸ
566 645 646 698 τὴν
670 651 753 699 γῆν
777 644 958 700 κέντρου
985 647 1116 698 λόγον
1141 643 1317 700 ἐπέχειν.

223 711 261 751 2.
288 711 567 763 Διαστηματα
592 709 643 750 τα
669 709 776 751 αὐτὰ
801 707 954 764 ἔχοντα
972 723 1012 763 p.
1027 708 1112 764 2,5]
1133 702 1229 751 οἷον
1246 715 1323 752 τοῦ
1339 705 1481 766 Ὠρίῴἓ-

119 782 138 812 5
164 790 240 823 νος
265 775 313 816 τὸ
339 774 473 828 τυχὸν
497 774 545 815 τὸ
571 772 654 814 ἀπὸ
681 779 756 827 τῆς
782 774 915 826 ζώνης
940 774 1061 828 ἄχρις
1079 780 1167 815 τῶν
1185 774 1334 815 ποδῶν
1351 773 1482 817 αὐτοῦ

164 838 377 892 διάστημα
401 838 444 879 τὸ
471 837 576 882 αὐτό
601 836 719 879 ἐστιν
744 836 820 879 ἀεί.

223 902 260 943 3.
300 904 443 943 Ταῦτα
467 901 518 942 δέ
540 899 630 942 ἐστι
654 915 692 954 p.
713 901 739 941 2
742 901 828 955 ,19]
855 901 906 942 τὰ
931 901 1034 955 μήτε
1054 900 1341 944 ἀνατέλλοντα
1360 896 1482 955 δηλῶν

164 967 218 1019 δὴ
243 967 348 1020 μήτε
375 966 575 1018 δυόμενα.

223 1030 261 1071 4.
293 1029 338 1071 Ρ.
358 1029 572 1083 4‚10sqq]
604 1034 738 1070 ταῦτα
769 1028 825 1077 ὡς
850 1028 959 1083 πρὸς
983 1029 1084 1078 τοὺς
1108 1028 1216 1083 πρὸς
1241 1033 1299 1085 τῷ
1319 1027 1494 1111 φανεφβ1

96 1104 138 1135 10
163 1095 281 1150 πόλῳ
307 1093 496 1146 ἀστεᾞρας

222 1157 259 1198 5.
298 1160 440 1199 Ταῦτα
464 1156 604 1198 παντα
630 1155 791 1206 ἔδειξεν
817 1155 839 1198 ὁ
867 1157 1127 1206 Αὐτόλυκος.

222 1221 260 1263 6.
286 1219 361 1262 Ἐν
391 1228 482 1270 τοῖς
514 1220 693 1270 ἐναλλὰξ
726 1221 913 1274 τμήμασι
943 1235 982 1274 Ρ.
1002 1220 1030 1260 4
1032 1219 1119 1275 ,17]
1150 1226 1279 1262 τοῦτο
1313 1218 1483 1277 ἐδείχθῂ

164 1285 214 1327 ἐν
246 1301 304 1341 τῳ
333 1283 395 1326 eff
419 1285 667 1338 θεωρήματι
693 1290 770 1326 τοῦ
797 1283 1003 1339 δευτέρου
1028 1284 1203 1338 βιβλίου
1231 1291 1319 1325 τῶν
1347 1279 1482 1393 Σφαῖ-

191 1357 308 1391 ικῶν.

97 1425 138 1455 15
163 1365 188 1403 ρ
224 1415 260 1455 7.
287 1411 383 1454 Ἐπὶ
414 1420 502 1455 τῶν
528 1411 667 1462 λοξῶν
690 1412 863 1453 κύκλων
894 1426 932 1466 p.
954 1412 1039 1466 6,1]
1073 1417 1149 1453 τοῦ
1175 1417 1253 1453 τοῦ
1279 1397 1485 1482 ydiotam}

164 1477 329 1531 δηλαδὴ
353 1477 425 1518 καὶ
449 1482 527 1518 τοῦ
554 1476 777 1531 ζῳδιακοῦ.

224 1537 271 1582 7’.
306 1539 414 1596 Περὶ
442 1540 652 1594 γάλακτος
675 1538 747 1581 καὶ
774 1539 994 1596 ζῳδιακοῦ.

223 1606 259 1647 8.
292 1606 627 1659 Λαμβανόμενοι
652 1618 692 1658 p.
713 1602 799 1656 6,2]
826 1603 1047 1658 ὁρώμενοι.

223 1671 259 1710 9.
291 1668 370 1711 Ἀεὶ
406 1667 476 1710 ἐπὶ
513 1667 781 1722 ἡμικυκλίων
819 1671 925 1709 ἴσων
963 1669 1197 1722 φερόμενοι
1227 1683 1266 1723 p.
1288 1667 1373 1722 6,3]
1415 1667 1494 1722 δχ,

95 1745 139 1775 20
164 1735 266 1782 τοὺς
298 1733 427 1782 ὅλους
457 1731 636 1787 ἀστέρας
666 1733 794 1774 τοῦτό
826 1742 933 1785 φησι
959 1733 1060 1781 τοὺς
1085 1730 1333 1786 ὁρωμένους
1357 1730 1405 1773 ἐν
1427 1729 1494 1773 2³³

164 1798 357 1853 ζῳδιακῷ
388 1795 456 1838 καὶ
491 1795 539 1838 ἐν
569 1801 627 1852 τῷ
651 1801 728 1838 τοῦ
754 1795 964 1849 γάλακτος
987 1795 1147 1851 κύκλῳ,
1179 1795 1258 1848 ὅτι,
1289 1795 1326 1836 εἰ
1352 1795 1408 1848 μὴ

164 1860 186 1902 ὁ
218 1863 378 1915 κόσμος
408 1860 658 1915 σφαιρικός,
689 1859 797 1901 ἀλλὰ
826 1867 964 1908 κῶνος
994 1857 1019 1912 ἢ
1045 1859 1295 1913 κύλινδρος,
1326 1858 1378 1901 οὐ
1402 1874 1432 1912 μ
1456 1873 1460 1876 ’

164 1925 366 1978 ἐφαίνετο
398 1925 537 1966 πάντα
567 1923 825 1978 ἡμικύκλιον
857 1923 905 1964 τὸ
941 1923 1208 1977 φαινόμενον
1239 1928 1381 1977 τμῆμα
1409 1935 1476 1975 τῇ

167 1990 377 2045 ζῳδιακοῦ
403 1988 565 2029 κύκλου
592 1986 617 2040 ἢ
637 1993 714 2029 τοῦ
734 1986 958 2041 γάλακτος,
983 1985 1091 2028 ἀλλά
1110 2001 1212 2028 ποτε
1230 1988 1375 2039 μεῖζον
1393 1985 1419 2040 ἡ
1490 2025 1491 2034 ,

96 2064 139 2094 ‘25
164 2055 360 2105 κυκλιόυ,
385 2049 488 2093 ποτὲ
514 2053 705 2104 ἔλαττον,
730 2051 801 2092 καὶ
827 2051 960 2092 αλλου
984 2049 1133 2103 μέντοι
1157 2048 1227 2091 καὶ
1254 2050 1388 2092 ἄλλου
1413 2057 1481 2092 κ’

166 2194 197 2225 6
332 2142 549 2224 {31:5¹
574 2142 771 2233 §mg
775 2142 821 2223 ε.
829 2141 1118 2223 mm..
1145 2140 1302 2222 ..τι
1370 2144 1401 2176 ⁶·
1460 2172 1490 2193 -·

892 2273 945 2305 17.
972 2268 1166 2316 γάλακτος]
1190 2267 1364 2314 γαλαξίου
1387 2281 1422 2314 p.
1456 2280 1489 2320 q

1454 1143 1472 1195 ἕ
1492 1144 1494 1207 1

1456 1511 1472 1548 -3
1490 1515 1493 1542 ε

223 2276 256 2306 5.
281 2270 322 2307 τό
348 2272 441 2316 (pr.)]
468 2282 537 2306 om.
563 2273 592 2306 λ.
629 2269 715 2316 ἄχρι
737 2270 768 2305 Α
793 2281 820 2305 ι·.

167 2322 219 2352 18.
247 2316 268 2362 ἢ
295 2317 348 2361 ὁρ.
375 2317 505 2352 lev¹.
