1494 2450
86 817 128 847 10

85 1139 126 1167 15

85 1855 126 1885 10

85 2146 125 2176 15

156 125 239 166 102
668 127 971 161 ΦΑΙΝΟΜΕΝΑ

213 233 320 273 ἔστω
346 233 428 287 γὰρ
453 232 539 275 ὑπὸ
566 238 648 286 γῆν
671 233 720 274 τὸ
746 235 884 274 ΑΕΓ
907 232 1163 287 ἡμικύκλιον
1187 232 1259 275 καὶ
1285 235 1471 290 ἔστωσαν
1491 256 1493 279 ς

152 296 419 350 παράλληλοι
444 297 610 349 κύκλοι,
635 294 735 339 καθ’
761 293 823 339 ὧν
848 296 1024 351 φέρεται
1042 298 1094 338 τὰ
1113 300 1165 352 Ε,
1187 301 1221 339 Ζ
1243 304 1408 352 σημεῖα,
1431 296 1494 356 of.

154 363 298 414 EHB,
327 363 462 402 ΖΘΔ.
511 360 581 401 καὶ
612 359 703 402 ἐπεὶ
736 361 788 402 τὰ
812 359 881 403 ἐπὶ
906 367 984 403 τοῦ
1010 369 1098 403 τῶν
1123 362 1288 419 ζῳδίων
1312 363 1470 407 κύκλου
1491 382 1494 415 l

153 424 288 478 ἄστρα
313 425 364 465 τὰ
389 425 494 465 κατὰ
521 425 753 479 διάμετρον
778 427 882 468 ὄντα
901 426 1008 467 κατὰ
1027 428 1235 479 συζυγίαν
1255 424 1470 468 ἀνατέλλεὶ
1492 449 1494 469 ι

153 503 197 530 τε
217 489 287 530 καὶ
308 490 443 542 δύνει,
463 494 541 530 τοῦ
560 489 643 543 ἄρα
663 492 702 530 Ε
719 489 929 539 δύνοντος
948 491 1053 532 κατὰ
1072 490 1119 531 τὸ
1140 493 1176 531 Β
1195 491 1243 532 τὸ
1262 490 1368 531 κατὰ
1387 482 1471 535 duf-
1493 508 1494 530 ᾗ

152 568 311 607 μετρον
330 553 446 609 αὐτῷ
461 554 508 595 τὸ
533 556 567 594 Ζ
588 552 809 595 ἀνατέλλει
829 555 934 595 κατὰ
954 555 1001 596 τὸ
1022 557 1079 595 Δ·
1113 553 1159 595 ἐν
1178 549 1213 610 ᾦ
1233 554 1314 608 ἄρα
1333 555 1471 612 χρόνῳ
1493 565 1494 580 ³

153 619 200 658 τὸ
222 620 262 658 Ε
284 617 364 670 τὴν
383 620 508 659 ΕΗΒ
533 617 817 672 περιφέρειαν
835 619 1017 660 διελθὸν
1037 616 1105 659 ἐπὶ
1124 619 1171 660 τὸ
1191 621 1227 660 Β
1247 620 1471 672 παραγίνε-

153 697 236 731 ται,
262 681 310 723 ἐν
335 682 472 738 τούτῳ
498 682 546 723 τὸ
576 685 610 723 Ζ
635 682 714 736 τὴν
742 684 873 723 ΖΘΔ
897 681 1176 737 περιφέρειαν
1202 683 1382 724 διελθὸν
1406 681 1472 726 ἐπὶ

152 746 200 787 τὸ
227 749 270 787 Δ
297 746 590 800 παραγίνεται.
634 745 656 788 ὁ
689 743 736 787 δὲ
761 747 935 800 χρόνος,
969 746 1017 788 ἐν
1043 741 1076 802 ᾧ
1103 747 1150 788 τὸ
1177 749 1216 787 Ε
1241 746 1318 799 τὴν
1343 744 1471 791 ΕΗΒ

154 809 434 865 περιφέρειαν
467 811 649 852 διελθὸν
679 808 747 851 ἐπὶ
777 810 825 851 τὸ
858 813 893 851 Β
931 812 1231 864 παραγίνεται,
1268 810 1290 852 ὁ
1322 808 1473 865 χρόνος

152 872 285 927 ἐστίν,
317 872 366 916 ἐν
392 868 424 930 ᾧ
449 875 474 928 ἡ
501 878 590 916 ΑΕ
613 872 859 923 ἐξαλλάσσει
885 875 932 916 τὸ
959 874 1152 929 φανερὸν
1176 866 1475 933 ἡμισφαίριονῖ

153 937 175 979 ὁ
203 935 250 979 δὲ
276 940 444 992 χρόνος,
471 938 519 980 ἐν
543 934 575 994 ᾧ
596 939 643 980 τὸ
672 941 706 979 Ζ
731 938 811 991 τὴν
840 941 963 979 ΖΘΛ
988 939 1304 992 διαπορεύεται,
1332 938 1355 980 ὁ
1380 934 1472 993 χρό-

151 1018 227 1052 νος
248 1002 379 1055 ἐστίν,
400 1002 447 1044 ἐν
467 998 503 1059 ᾧ
521 1004 547 1057 ἡ
569 1005 641 1044 ΓΖ
661 1001 911 1053 ἐξαλλάσσει
930 1004 978 1045 τὸ
999 1000 1162 1057 ἀφανὲς
1180 1003 1474 1058 ίῃιιισφοιίριονῑΞ

153 1065 200 1108 ἐν
230 1061 267 1123 ᾦ
298 1067 381 1119 ἄρα
411 1067 436 1121 ἡ
463 1070 553 1108 ΑΕ
584 1066 831 1118 ἐξαλλάσσει
865 1069 913 1109 τὸ
950 1067 1145 1122 φανερὸν
1177 1067 1474 1122 ἡμισφαίριον,

152 1128 201 1172 ἐν
225 1132 363 1187 τούτῳ
389 1130 460 1173 καὶ
486 1131 511 1185 ἡ
539 1133 618 1173 ΓΖ
644 1132 691 1172 τὸ
717 1131 891 1184 ἀφανές.

1465 1198 1472 1225 ἒ

153 1254 240 1257 ῙΪΑΠ
254 1255 292 1257 πῂ
367 1255 371 1257 ,
389 1255 397 1257 Ε
440 1255 443 1257 ,
499 1255 636 1257 ,---,.-.
689 1255 718 1257 -
727 1255 735 1257 -
767 1255 792 1257 ,Π
859 1256 862 1257 ⁷
990 1254 1014 1256 A
1025 1255 1045 1257 .-
1067 1253 1472 1261 -η--ᾳι-ἶᾼὴῂγγή

212 1320 499 1372 γεγράφθωσαν
523 1321 759 1372 παράλληλοι
784 1320 918 1360 κύκλοι
943 1321 984 1359 οι
1004 1322 1134 1371 ΗΕΘ,
1159 1323 1285 1372 ΚΖΛ,
1310 1316 1405 1359 καθ’
1421 1315 1475 1360 ὧν

153 1376 308 1430 φέρεται
333 1378 378 1417 τὰ
399 1382 445 1417 Ε.
467 1381 499 1417 Ζ
521 1382 678 1450 σημεῖα..
706 1378 771 1417 καὶ
797 1378 876 1418 ἐπεὶ
901 1385 968 1418 τοῦ
993 1385 1070 1418 τῶν
1095 1379 1244 1434 ζῳδίων
1268 1379 1412 1418 κύκλου
1429 1377 1472 1419 τὰ

152 1435 249 1475 κατὰ
280 1436 484 1488 διάμετρον
515 1435 635 1489 ἄστρα
666 1436 758 1476 ὄντα
789 1436 884 1476 κατὰ
916 1438 1099 1490 συζυγίαν
1130 1436 1318 1476 ἀνατέλλει
1347 1452 1384 1476 τε
1411 1433 1475 1478 καὶ

153 1495 279 1543 δύνει,
309 1502 377 1534 τοῦ
406 1498 441 1533 Ε
471 1493 546 1547 άρα
576 1495 737 1545 σημείου
769 1495 956 1542 δύνοντος
986 1495 1081 1534 κατὰ
1111 1495 1153 1534 τὸ
1179 1497 1223 1534 Η
1250 1498 1410 1546 σημεῖον
1432 1492 1474 1557 τὸ

152 1553 249 1592 κατὰ
286 1554 488 1604 διάμετρον
525 1552 628 1609 αυτῷ
662 1553 703 1593 τὸ
735 1556 767 1591 Ζ
804 1552 996 1593 ἀνατέλλει
1025 1553 1121 1592 κατὰ
1150 1554 1191 1593 τὸ
1217 1557 1257 1592 Λ
1293 1557 1475 1604 σημεῖον·

151 1611 244 1650 ἀλλὰ
271 1611 312 1650 τὸ
338 1610 407 1662 μὲν
434 1615 469 1650 Ε
493 1611 565 1662 τὴν
591 1595 723 1651 ΕΘΗ
744 1611 900 1651 διελθὸν
926 1613 1049 1661 δύνει,
1072 1612 1114 1651 τὸ
1142 1610 1182 1651 δὲ
1207 1615 1239 1650 Ζ
1264 1611 1334 1662 τὴν
1359 1611 1479 1653 ΖΚΑ

153 1669 311 1709 διελθὸν
342 1669 559 1709 ἀνατέλλει·
599 1669 642 1709 ἕν
673 1663 703 1726 ᾧ
731 1668 804 1720 ἄρα
835 1670 958 1724 χρόνῳ
989 1670 1030 1709 τὸ
1057 1673 1092 1709 Ε
1122 1669 1194 1720 τὴν
1220 1671 1351 1709 ΕΘΗ
1371 1684 1475 1721 περι-

152 1728 309 1799 φέρειαν
335 1729 613 1781 διαπορεύεται,
638 1727 703 1767 καὶ
727 1728 768 1768 τὸ
788 1731 819 1767 Ζ
844 1727 916 1779 τὴν
935 1731 1056 1767 ΖΚΛ.
1088 1724 1169 1767 ἀλλ’
1187 1726 1207 1767 ὁ
1233 1726 1301 1779 μὲν
1327 1728 1480 1799 χρόνος,

152 1786 194 1826 ἐν
220 1780 249 1842 ᾧ
275 1786 317 1827 τὸ
344 1790 380 1826 Ε
403 1787 475 1838 τὴν
502 1788 633 1825 ΕΘΗ
654 1787 940 1837 διαπορεύεται,
972 1785 992 1826 ὃ
1017 1787 1153 1839 χρόνος
1176 1785 1297 1835 ἐστίν,
1327 1785 1370 1826 ἐν
1387 1779 1425 1856 ᾧ
1449 1781 1480 1857 ᾗ

152 1848 232 1884 ΔΕ
261 1842 482 1893 ἐξαλλάσσει
511 1842 551 1884 τὸ
579 1842 753 1897 φανερὸν
780 1842 1052 1896 ημισφαίριον·
1086 1842 1106 1883 ὁ
1133 1842 1172 1884 δὲ
1198 1844 1352 1914 χρόνος,
1381 1840 1426 1883 ἔν
1448 1857 1479 1898 φ

152 1900 194 1942 τὸ
221 1907 252 1942 Ζ
285 1903 356 1954 τὴν
381 1906 500 1942 ZKA
531 1904 816 1955 διαπορεύεται
851 1901 871 1942 ὁ
904 1903 1041 1955 χρόνος
1070 1899 1191 1954 ἐστίν,
1226 1898 1269 1941 ἔν
1299 1895 1329 1957 ᾧ
1358 1899 1377 1953 ἦ
1404 1887 1488 1941 28⁸·

153 1962 368 2009 ἐξαλλάσσει
394 1959 435 2000 τὸ
462 1959 611 2012 ἀφανὲς
636 1958 900 2013 ἡμισφαίριον.
937 1957 980 2000 ἓν
1005 1961 1074 2031 ἴσῳ
1099 1959 1174 2014 ἄρα
1197 1960 1320 2030 χρόνῳ
1345 1957 1369 2011 ἡ
1396 1963 1431 1999 Δ
1444 1961 1476 1999 E

153 2016 371 2068 ἐξαλλάσσει
394 2017 436 2059 τὸ
465 2017 637 2071 φανερὸν
661 2017 940 2091 ἡμισφαίριον
941 2018 1005 2058 καὶ
1029 2016 1052 2070 ἡ
1079 2021 1150 2057 ΖΒ
1174 2016 1216 2058 τὸ
1242 2017 1400 2068 ἀφανές.

211 2076 353 2129 ὁμοίως
378 2076 419 2117 δὲ
445 2079 633 2129 δείξομεν,
659 2077 716 2117 ὅτι
739 2079 819 2129 καί,
843 2073 887 2125 ἓν
912 2070 943 2133 ᾧ
967 2077 1091 2132 χρόνῳ
1116 2074 1139 2127 ἡ
1160 2080 1234 2116 ΔΕ
1258 2073 1471 2125 ἐξαλλάσσει

153 2134 193 2175 τὸ
219 2135 370 2187 ἀφανὲς
394 2134 663 2188 ἡμισφαίριον,
689 2133 712 2187 ἡ
739 2139 804 2175 ΖΒ
829 2133 871 2175 τὸ
897 2135 1078 2187 φανερόν.

210 2265 243 2290 a.
271 2260 301 2290 3.
333 2256 451 2301 ΖΘΔ]
480 2257 580 2290 ΖΘΛ
606 2265 639 2290 a.
726 2258 756 2290 5.
784 2255 868 2300 ἄρα]
895 2265 1010 2298 comp.
1036 2254 1060 2297 1,
1087 2254 1138 2290 ἔτι
1162 2254 1199 2289 L.
1365 2226 1489 2325 ρόνῳζ

152 2313 221 2336 om.
248 2311 280 2336 a.
359 2305 397 2336 7.
426 2302 552 2348 ΕΗΒ]
579 2304 640 2336 ΕΒ
665 2311 698 2337 a.
784 2306 835 2338 12,
865 2304 891 2338 Z
917 2301 996 2349 τήν]
1022 2312 1090 2337 om.
1116 2300 1159 2336 v'.
1258 2304 1310 2338 14
1284 2257 1451 2348 6ἦΑΕ

150 2348 191 2386 τὸ
217 2353 248 2383 Α
275 2359 307 2386 a.
383 2352 436 2384 15.
462 2348 497 2395 ἡ]
523 2347 563 2384 τό
589 2358 622 2386 a.
