1494 2450
580 43 887 80 FRAGMENTA
1326 41 1410 84 267

51 155 248 200 δοθέντα
279 156 332 198 τὰ
358 158 413 210 A,
439 157 500 196 Β·
535 151 676 196 δοθὲν
700 154 786 208 ἄρα
812 150 934 195 ἐστὶν
958 152 1008 194 τὸ
1034 155 1094 194 Δ·
1129 152 1238 194 ὥστε
1263 149 1337 193 καὶ
1363 153 1412 192 τὸ

27 273 28 276 ¹
55 224 98 265 Γ
117 220 267 264 δοθέν.

113 287 449 340 Συντεθήσεται
484 286 538 341 δὴ
571 285 622 328 τὸ
654 285 886 340 πρόβλημα
917 283 1070 333 οὕτως.
1121 280 1230 325 ἔστω
1256 283 1306 325 τὸ
1333 280 1414 338 μὲν

51 358 197 408 τμῆμα
228 352 277 394 τὸ
303 353 451 406 ΑΒΓ,
484 350 507 394 ὁ
540 351 590 394 δὲ
622 352 751 406 λόγος
783 350 806 393 ὁ
837 355 914 405 τῆς
939 352 981 391 Ε
1009 349 1120 406 πρὸς
1144 349 1226 403 τὴν
1254 351 1310 402 Ζ,
1342 347 1413 390 καὶ

22 422 25 470 J
49 419 332 472 πεποιήσθω,
359 417 418 467 ὡς
441 417 491 460 τὸ
518 415 603 460 ἀπὸ
629 419 672 459 Ε
693 416 805 473 πρὸς
829 417 878 459 τὸ
905 415 989 457 ἀπὸ
1019 417 1075 466 Ζ,
1107 414 1248 464 οὕτως
1273 414 1300 469 ἡ
1327 416 1415 456 ΑΔ
1466 419 1486 451 5

20 535 21 539 ¹
51 484 161 539 πρὸς
185 483 266 538 τὴν
284 485 381 537 ΔΒ,
406 482 480 524 καὶ
504 483 630 538 ἤχθω
657 480 936 537 ἐφαπτομένη
957 481 983 536 ἡ
1004 482 1099 534 ΔΓ,
1125 479 1198 522 καὶ
1220 479 1415 534 ἐπεζεύχ-

20 570 21 575 =
50 553 208 592 θωσαν
234 549 283 590 αἱ
305 551 348 590 A
356 549 406 603 Γ,
434 550 527 591 ΓΒ.
579 547 710 603 λέγω,
746 547 813 590 ὅτι
847 547 890 589 αἱ
917 549 960 588 A
970 547 1018 600 Γ,
1047 548 1127 588 ΓΒ
1159 551 1341 588 ποιοῦσι
1365 545 1415 587 τὸ

51 615 293 669 πρόβλημα.

111 677 204 722 ἐπεὶ
234 678 319 735 γάρ
352 679 494 735 ἐστιν,
529 680 587 730 ὡς
611 680 661 722 τὸ
688 679 773 722 ἀπὸ
798 682 841 721 Ε
869 678 979 734 πρὸς
1003 680 1053 721 τὸ
1081 677 1166 720 ἀπὸ
1195 680 1244 732 Ζ,
1276 677 1417 726 οὕτως

19 758 25 764 ·
53 745 80 800 ἡ
106 749 195 787 ΑΔ
219 745 330 799 πρὸς
357 745 439 800 τὴν
466 748 560 800 ΔΒ,
586 746 645 796 ὡς
671 743 719 788 δὲ
744 745 771 800 ἡ
798 747 885 786 ΑΔ
911 745 1022 799 πρὸς
1046 744 1129 798 τὴν
1154 745 1249 797 ΔΒ,
1276 742 1417 792 οὕτως
1444 747 1488 778 10

52 811 102 853 τὸ
128 810 213 853 ἀπὸ
236 812 324 853 ΑΓ
343 811 454 864 πρὸς
478 812 528 854 τὸ
555 811 640 855 ἀπὸ
663 813 738 853 ΓΒ
759 811 834 853 διὰ
853 811 902 853 τὸ
924 809 1201 865 ἐφάπτεσθαι
1221 809 1301 863 τὴν
1323 809 1416 861 ΓΔ,

52 874 126 918 καὶ
153 876 211 926 ὡς
237 877 322 931 ἄρα
348 877 398 919 τὸ
425 876 509 919 ἀπὸ
530 879 573 918 Ε
595 877 705 932 πρὸς
730 877 780 920 τὸ
808 875 892 918 ἀπὸ
917 878 964 931 Z,
990 875 1129 925 οὕτως
1154 874 1203 917 τὸ
1231 873 1315 916 ἀπὸ
1336 875 1425 916 ΑΓ

52 942 162 997 πρὸς
187 941 236 983 τὸ
264 941 349 983 ἀπὸ
380 943 473 983 ΓΒ·
507 942 618 985 ὥστε
643 944 730 995 καί,
757 942 815 991 ὡς
840 942 866 997 ἡ
893 944 935 983 Ε
957 941 1067 996 πρὸς
1092 941 1174 995 τὴν
1203 942 1251 994 Ζ,
1278 939 1418 988 οὕτως

53 1007 79 1062 ἡ
106 1008 194 1049 ΑΓ
213 1007 324 1061 πρὸς
348 1008 429 1062 τὴν
456 1009 543 1050 ΓΒ.
587 1007 614 1062 ἡ
641 1009 762 1050 ΑΓΒ
788 1008 874 1062 ἄρα
898 1015 1018 1049 ποιεῖ
1039 1007 1088 1048 τὸ
1114 1006 1355 1061 πρόβλημα.

114 1082 162 1126 λ’.
207 1084 403 1140 Κύκλος,
440 1081 494 1127 οὗ
526 1085 760 1142 διάμετρος
791 1086 818 1140 ἡ
844 1088 953 1139 AB,
990 1084 1063 1126 καὶ
1094 1083 1179 1126 ἀπὸ
1204 1084 1416 1138 τυχόντος
1444 1086 1488 1117 15

55 1147 120 1191 ἐπ’
151 1149 291 1204 αὐτὴν
322 1150 511 1201 κάθετος
535 1150 561 1205 ἡ
588 1154 697 1205 ΔΕ,
730 1152 902 1206 διήχθω
928 1151 954 1205 ἡ
982 1152 1083 1205 ΔΖ,
1115 1148 1363 1203 ἐπεζεύχθω
1389 1147 1415 1202 ἡ

57 1937 138 1976 ΕΖ
155 1934 229 1976 καὶ
249 1933 549 1993 ἐκβεβλήσθω,
574 1934 661 1989 καί,
686 1933 798 1976 καθ’
812 1934 834 1976 ὃ
855 1935 1093 1990 συμπίπτει
1112 1941 1164 1991 τῇ
1185 1934 1417 1994 διαμέτρῳ,

58 1997 168 2042 ἔστω
194 1997 244 2041 τὸ
272 2001 340 2041 Η·
386 1999 453 2042 ὅτι
480 1999 614 2055 ἐστίν,
639 2000 698 2050 ὡς
721 1999 748 2054 ἡ
774 2002 818 2042 A
827 2002 879 2041 H
896 1998 1008 2055 πρὸς
1033 2001 1114 2055 τὴν
1140 2002 1250 2051 ΗΒ,
1277 2000 1418 2052 οὕτως

58 2064 87 2119 ἦ
112 2066 197 2106 ΑΘ
220 2062 332 2120 πρὸς
357 2065 439 2119 τὴν
467 2067 559 2107 ΘΒ.

0 2121 6 2205 ξ
120 2127 455 2184 ἐπεζεύχθωσαν
480 2131 529 2172 αἶ
549 2133 656 2185 ΔΑ,
683 2133 726 2172 A
734 2133 790 2185 E,
816 2133 915 2172 ΑΖ.
1443 2139 1488 2170 20

0 2208 3 2232 b

0 2300 1 2315 ξ
123 2273 176 2305 12.
210 2269 327 2311 οὕτως
351 2271 410 2318 τὸ]
442 2283 489 2306 m.
516 2275 536 2306 2
565 2271 664 2315 ood.;
696 2271 834 2308 οὔτωσε
859 2273 946 2307 ante
972 2283 1154 2317 rasuram,
1185 2273 1229 2307 ut
1253 2273 1417 2318 uidetur,

0 2318 1 2322 ’
59 2329 108 2351 m.
137 2321 153 2351 1
183 2317 282 2360 cod.;
311 2317 428 2358 οὕτως
453 2318 552 2355 ἐστὶν
576 2319 619 2354 τὸ
646 2320 739 2354 coni.
767 2320 939 2355 Hultsch.
