1494 2450
379 55 581 92 SCHOLIA
606 55 658 91 1N
683 54 1026 90 PHAENOMENA
1294 53 1376 96 153

16 159 162 225 1Ὶιζητῶν
185 168 261 218 τὰς
286 166 356 209 ἐπὶ
381 172 460 208 τοῦ
487 171 685 222 φανεροῦ
710 164 1005 220 ἡμισφαιρίου
1031 162 1277 219 προσέλαβε
1302 169 1379 217 τῆς

15 230 106 289 μὲν
130 229 221 276 ΠΡ
240 233 321 287 τὴν
347 232 494 286 δύσιν,
520 237 597 285 τῆς
622 230 671 273 δὲ
697 232 789 272 ΗΖ
814 230 895 285 τὴν
920 229 1151 284 ἀνατολήν.
1196 229 1268 272 ὅτε
1293 229 1377 284 γὰρ

12 299 77 347 τὸ
91 302 143 352 ,Π
165 297 235 341 ἐπὶ
259 299 308 340 τὸ
329 299 371 339 A
395 294 580 353 ἔρχεται,
605 296 632 350 ἡ
653 298 746 338 ΠΡ
760 295 882 338 οὔπω
904 295 1044 349 δύνει,
1070 293 1164 337 ἀλλ’
1183 292 1247 337 ἔτι
1266 292 1377 350 ὑπὲρ

12 360 106 421 »γῆς
135 363 272 406 ἐστιν·
308 363 378 405 διὸ
412 361 684 418 προσέλαβεν
716 360 850 415 αὐτῆς
881 362 961 416 τὴν
994 361 1137 403 δύσιν.
1181 366 1261 403 τοῦ
1294 361 1378 415 γὰρ

8 430 80 489 ,Π
97 429 204 472 κατὰ
229 429 276 471 τὸ
303 430 350 470 Κ
373 425 443 470 ἐπὶ
468 433 544 481 τῆς
569 427 786 481 ἀνατολῆς
812 427 955 481 ὄντος,
980 426 1006 481 ἡ
1035 429 1128 468 ΠΡ
1147 432 1266 468 πᾶσα
1290 425 1376 468 ὑπὸ

9 500 112 551 γῆν
137 493 227 537 ἐστι
252 492 325 536 καὶ
344 491 610 547 κινουμένης
628 498 704 547 τῆς
725 493 917 548 σφαίρας
937 492 1029 534 ἄνω
1052 491 1232 548 φέρεται
1250 498 1378 533 πᾶσα.

8 560 98 604 διὸ
129 556 182 603 ἐν’
201 553 235 618 ᾧ
256 560 304 601 τὸ
332 562 381 601 Π
409 558 494 601 ἀπὸ
521 565 602 600 τοῦ
628 561 674 600 Κ
702 556 774 600 ἐπὶ
800 557 848 599 τὸ
875 559 916 599 Λ
948 559 1140 612 ἔρχεται,
1171 558 1278 610 μετὰ
1303 563 1379 612 τῆς

8 625 194 676 δύσεως
218 631 293 679 τῆς
318 627 411 666 ΠΡ
432 623 455 667 ὁ
482 625 642 680 χρόνος
668 623 802 677 ἐστίν,
836 623 885 665 ἐν
910 617 943 681 ᾧ
965 623 991 678 ἡ
1020 626 1066 664 Π
1072 625 1111 664 Ρ
1132 622 1379 674 ἐξαλλάττει

29 690 76 734 τὸ
108 691 304 747 φανερὸν
335 690 637 746 ἡμισφαίριον.
687 689 823 731 πάλιν
854 694 934 731 τοῦ
965 692 1000 730 Ζ
1031 689 1140 731 κατὰ
1165 689 1214 731 τὸ
1242 691 1286 731 Κ
1310 687 1379 731 ἐπὶ

7 761 102 812 τῆς
145 755 359 810 ἀνατολῆς
402 756 531 805 ὄντος
573 754 598 809 ἡ
639 757 730 796 ΗΖ
772 763 891 796 πᾶσα
928 754 1257 809 προανέτειλεν·
1307 755 1377 796 διὸ

6 820 299 877 προσέλαβεν
330 820 463 876 αὐτῆς
493 821 574 875 τὴν
606 820 837 875 ἀνατολήν.
887 820 1131 874 γενομένου
1163 820 1212 862 δὲ
1236 826 1316 862 τοῦ
1346 823 1381 862 Ζ

3 897 9 950 3*
31 887 136 930 κατὰ
159 888 208 930 τὸ
234 889 294 941 Λ,
325 892 444 928 πᾶσα
468 885 494 940 ἡ
523 888 614 927 ΗΖ
640 887 775 928 δύνει.
822 885 892 928 διὸ
918 883 967 927 ἐν
993 879 1027 943 ᾧ
1048 885 1097 927 τὸ
1128 888 1162 927 Ζ
1189 885 1274 929 ἀπὸ
1300 892 1380 928 τοῦ

2 966 7 1018 j
31 953 75 995 K
95 951 164 994 ἐπὶ
188 952 237 994 τὸ
265 954 305 994 Λ
331 949 515 1008 ἔρχεται,
540 952 647 1005 μετὰ
672 958 748 1007 τῆς
774 950 989 1006 ἀνατολῆς
1014 957 1090 1006 τῆς
1116 954 1206 993 ΗΖ
1232 950 1254 994 ὁ
1280 953 1378 1006 χρό-

2 1025 7 1058 3
30 1032 105 1068 νος
127 1016 260 1072 ἐστίν,
293 1017 342 1059 ἐν
367 1011 402 1073 ᾧ
427 1017 454 1071 ἡ
481 1020 571 1059 ΗΖ
602 1015 849 1068 ἐξαλλάττει
875 1017 923 1059 τὸ
950 1017 1148 1072 φανερὸν
1172 1017 1381 1072 ἡμισφαί-

3 1071 5 1134 f
33 1097 140 1138 ριον.
170 1081 249 1125 ἐὰν
274 1082 336 1136 δέ,
362 1083 420 1132 ὡς
445 1080 533 1137 ἔχει
559 1080 607 1124 ἐν
633 1083 742 1139 ἄλλῃ
770 1081 955 1135 ἐκδόσει,
980 1088 1057 1137 τῆς
1081 1080 1162 1137 μὲν
1188 1086 1237 1125 Π
1242 1086 1280 1124 Ρ
1300 1084 1380 1135 τὴν

1 1141 5 1190 f
32 1146 260 1203 ἀνατολήν,
285 1154 361 1203 τῆς
387 1147 436 1190 δὲ
456 1150 546 1190 ΗΖ
571 1149 653 1202 τὴν
678 1148 824 1203 δύσιν,
850 1146 998 1190 οὐκέτι
1025 1149 1156 1201 λήψει
1179 1148 1233 1190 τὰ
1258 1152 1316 1200 Π,
1347 1152 1382 1190 Ζ

0 1218 1 1222 ’
33 1220 196 1269 σημεῖα,
223 1213 332 1256 ἀλλὰ
357 1214 410 1256 τὰ
435 1216 483 1268 Ρ,
510 1215 562 1255 Η
580 1211 652 1255 καὶ
679 1213 757 1255 τὸν
783 1215 958 1269 χρόνον,
984 1212 1033 1255 ἐν
1057 1208 1094 1270 ᾦ
1119 1215 1217 1256 τότε
1243 1217 1282 1256 Ρ
1301 1214 1382 1269 τὴν

2 1274 3 1277 “
31 1280 139 1322 ΝΜ
157 1277 372 1335 διέρχεται
397 1277 467 1321 καὶ
494 1279 544 1322 τὸ
573 1280 623 1321 Η
641 1279 723 1334 τὴν
747 1282 800 1321 Ν
806 1281 862 1321 Μ.

90 1344 184 1386 127.
203 1343 278 1387 Ἐκ
291 1350 516 1398 περισσοῦ.
536 1342 625 1386 τῶν
639 1344 787 1387 αὐτῶν
798 1343 1104 1398 ὑποκειμένων
1117 1343 1381 1401 ἀπειλήφθω

31 1407 158 1464 ἡΕΖ
181 1410 239 1464 μὴ
264 1411 421 1463 μείζων
445 1412 803 1466 τεταρτημορίου,
829 1408 902 1452 καὶ
927 1407 1038 1452 ἔστω
1059 1409 1161 1452 καθ’
1181 1407 1234 1453 οὗ
1255 1410 1383 1465 φέρε-

32 1489 100 1517 ται
124 1475 172 1517 τὸ
195 1478 230 1517 Ζ
254 1482 450 1530 σημεῖον,
477 1475 500 1518 ὁ
524 1478 658 1517 ΖΚΘ
682 1475 863 1526 κύκλος’
897 1479 968 1530 ἴση
996 1476 1080 1531 ἄρα
1106 1474 1227 1518 ἐστὶν
1251 1476 1278 1531 ἡ
1299 1480 1384 1518 ΕΖ

31 1545 81 1596 τῇ
106 1542 196 1582 ΕΚ
226 1540 454 1596 [Theodos.
475 1539 531 1595 II,
560 1540 656 1594 13]·
706 1543 872 1582 κείσθω
905 1546 957 1597 τῇ
988 1543 1081 1583 ΕΚ
1114 1545 1183 1595 ἴση
1216 1541 1243 1596 ἡ
1270 1544 1382 1584 ΛΚ·

34 1602 108 1660 ὅλη
135 1606 219 1661 ἄρα
242 1606 270 1660 ἡ
290 1608 427 1648 ΕΖΚ
444 1606 522 1662 ὅλῃ
542 1612 593 1662 τῇ
614 1609 694 1648 ΕΛ
717 1605 838 1648 ἐστιν
860 1610 952 1661 ἴση·
986 1605 1111 1660 λέγω,
1137 1607 1218 1660 ὅτι,
1245 1607 1283 1648 εἰ
1302 1607 1383 1662 μὲν

32 1672 370 1726 τεταρτημορίου
409 1670 530 1714 ἐστὶν
566 1671 593 1726 ἡ
631 1674 735 1726 ΕΖ,
774 1672 818 1714 αἱ
860 1673 1010 1725 ΖΕΚ,
1046 1674 1177 1713 ΕΚΛ
1215 1670 1264 1714 ἐν
1302 1676 1382 1729 ἴσῳ

0 1735 1 1758 ³
33 1737 171 1793 χρόνῳ
210 1735 526 1787 ἐξαλλάσσουσι
564 1737 612 1778 τὸ
652 1737 851 1791 φανερὸν
887 1736 1202 1792 ἡμισφαίριον·
1259 1739 1297 1779 εἰ
1336 1735 1383 1779 δὲ

0 1792 5 1803 ’
34 1793 230 1850 ἱλάσσων
254 1801 346 1844 ἐστὶ
371 1802 712 1858 τεταρτημορίου
738 1801 765 1856 ἡ
785 1804 888 1856 ΕΖ,
916 1801 963 1843 ἐν
988 1801 1159 1844 πλείονι
1187 1804 1330 1858 χρόνῳ
1357 1803 1383 1857 ἡ

35 1866 166 1909 ΖΕΚ
188 1865 440 1917 ἐξαλλάσσει
465 1868 513 1909 τὸ
537 1867 737 1922 φανερὸν
754 1866 1046 1921 ἡμισφαίριον
1064 1867 1174 1921 ἥπερ
1194 1868 1221 1922 ἡ
1241 1870 1383 1910 ΕΚΛ.

35 1930 54 1983 ⁵?
90 1927 198 1974 ἔστω
223 1933 442 1988 πρότερον
466 1934 810 1987 τεταρτημορίου
835 1932 862 1986 ἡ
887 1935 991 1974 ΕΖ·
1036 1932 1108 1974 καὶ
1133 1932 1159 1986 ἡ
1187 1935 1278 1974 ΕΚ
1300 1934 1384 1989 ἄρα

32 1988 372 2053 ἆεταρτημορίου
410 1996 552 2040 ἐστίν·
605 1997 859 2053 ἰσημερινὸς
896 1998 981 2052 ἄρα
1018 1996 1139 2039 ἐστὶν
1174 1997 1196 2040 ὁ
1233 2001 1284 2040 H
1290 2001 1383 2040 ΖΘ.

29 2059 104 2120 §al
130 2059 221 2104 ἐπεὶ
245 2063 290 2104 αἱ
315 2065 422 2116 ΕΚ,
449 2065 533 2105 ΚΛ
560 2066 660 2105 ἴσον
685 2062 897 2118 ἀπέχουσι
922 2068 1002 2104 τοῦ
1030 2063 1302 2118 ἰσημερινοῦ,
1335 2063 1384 2106 ἐν

93 2153 240 2190 Scholia
266 2159 346 2199 12⁷,
383 2146 468 2198 128,
505 2159 572 2191 129
607 2157 694 2201 post
728 2156 823 2191 dem.
857 2156 921 2191 alt.
954 2166 1058 2201 prop.
1085 2156 1167 2192 XIV
1203 2157 1241 2191 in
1276 2158 1384 2192 textu

31 2195 117 2242 hab.
142 2201 225 2238 Vah.

33 2270 46 2314 ’ξ
94 2288 125 2320 1.
150 2285 353 2333 προέλαβεν
376 2298 412 2331 p.
510 2291 543 2322 5.
576 2286 634 2334 τό]
660 2293 726 2323 τοῦ
751 2287 836 2323 Vah.
937 2291 991 2322 12.
1017 2286 1059 2323 τό
1084 2287 1182 2334 (pr.)]
1208 2293 1274 2323 τοῦ
1299 2300 1334 2334 p.

32 2333 92 2386 98.
118 2334 195 2380 ΕΑ]
221 2335 329 2369 ΕΚΛ
353 2346 402 2369 m.
427 2337 448 2368 2
476 2334 557 2370 Vat.
656 2339 712 2371 27.
740 2336 862 2383 EKA]
890 2339 921 2369 Λ
947 2335 1083 2372 addm.
1111 2340 1130 2370 2
1157 2336 1238 2372 Vat.

1408 762 1451 795 10

1410 1090 1452 1121 15

1409 1418 1454 1449 20

1410 1745 1454 1776 25

1409 2073 1454 2103 30
