1494 2450
143 59 200 100 24
646 61 731 94 ΦΑΙ
734 62 773 94 Ν
774 61 954 95 ΟΜΕΝΑ
1472 61 1483 120 ξ,

789 240 815 277 γ
830 257 838 266 .

211 308 307 347 Τῶν
341 305 544 347 ἀπλανῶν
578 307 750 361 ἄστρων
784 313 869 347 τῶν
904 305 1114 356 ἀνατολάς
1147 321 1192 348 τε
1226 306 1296 348 καὶ
1329 307 1485 361 δύσειςῑῖ

146 368 422 422 ποιουμένων
447 369 629 412 ἕκαστον
653 371 759 411 κατὰ
785 370 835 411 τὰ
862 369 969 411 αὐτὰ
989 377 1142 424 σημεῖα
1159 377 1237 413 τοῦ
1258 370 1483 426 ὁρίζοντος,

148 433 372 476 ἀνατέλλει
396 432 468 475 καὶ
494 434 628 475 δύνει.

101 500 121 531 5
209 499 314 539 ἔστω
341 496 389 539 ἐν
413 498 559 554 κόσμῳ
587 497 741 553 ὁρίζων
766 497 789 539 ὁ
810 499 949 548 ΑΒΓ,
974 496 1045 539 καὶ
1070 497 1268 552 μέγιστος
1292 497 1372 553 μὲν
1390 507 1494 542 τῶν,

150 562 215 603 ἀεὶ
242 568 448 616 φανερῶν
472 562 646 603 κύκλων
677 563 784 603 ἔστω
811 561 833 603 ὁ
859 564 986 603 ΑΔΕ
1007 562 1178 615 κύκλος,
1208 561 1406 616 μέγιστος
1430 563 1494 606 δὲ-

149 633 237 668 τῶν
272 625 339 668 ἀεὶ
372 625 555 679 ἀφανῶν
589 625 612 668 ὁ
645 628 800 680 ΒΗΖ,
835 624 906 668 καὶ
938 627 1137 680 εἰλήφθω
1169 627 1330 681 ἄστρον
1359 628 1407 669 τὸ
1442 630 1494 669 Θ·

150 697 239 733 τῶν
263 689 477 739 ἀνατολὰς
501 688 572 732 καὶ
599 690 746 739 δύσεις
770 689 1065 744 ποιουμένων,
1097 689 1168 731 καὶ
1194 692 1300 732 ἔστω
1327 690 1494 746 ἀνατο-,1

154 755 252 796 λικὰ
281 754 362 807 μὲν
387 754 438 799 τὰ
466 756 507 795 Γ
524 752 650 809 μέρη,
682 754 835 796 δυτικὰ
861 752 909 796 δὲ
934 754 986 795 τὰ
1012 756 1073 796 Κ·
1117 753 1247 808 λέγω,
1279 754 1344 796 ὅτι
1369 755 1416 796 τὸ
1445 758 1493 797 ΘΔ

84 826 126 857 10
155 825 334 873 σημεῖον
360 816 424 860 ἀεὶ
451 819 557 859 κατὰ
583 819 634 860 τὰ
660 818 768 860 αὐτὰ
794 824 946 872 σημεῖα
970 823 1048 860 τοῦ
1069 818 1286 872 ὁρίζοντος
1306 817 1480 860 ἀνατέλ-

154 886 219 924 λει
243 897 288 924 τε
313 880 385 923 καὶ
410 882 533 923 δύνει
560 881 853 937 στρεφομένης
877 888 952 936 τῆς
977 883 1175 936 σφαίρας.
1491 878 1494 883 ’

211 944 319 988 έστω
345 947 517 1000 κύκλος,
542 944 643 987 καθ’
664 949 716 988 οὑ
743 945 919 1023 φέρεται
944 946 992 988 τὸ
1015 949 1053 987 Θ
1073 954 1264 1000 σημεῖον,
1290 946 1312 988 ὁ
1333 948 1378 988 Κ
1385 948 1480 988 ΘΓ
1489 958 1494 963 “

154 1010 176 1052 ὁ
199 1013 243 1052 Κ
252 1012 374 1051 ΘΓ
358 1011 440 1064 ἄρα
466 1011 623 1059 κύκλος
648 1009 816 1064 τέμνει“
817 1010 894 1052 τὸν
919 1010 1116 1065 ὁρίζοντα
1142 1009 1213 1052 καὶ
1240 1010 1375 1065 ὀρθός
1394 1009 1494 1052 ἐστι’·

156 1075 263 1130 πρὸς
287 1074 367 1116 τὸν
392 1072 523 1124 ἄξονα
548 1080 621 1127 τῆς
641 1074 841 1129 σφαίρας.
873 1074 914 1115 οἱ
934 1073 982 1116 δὲ
1001 1079 1059 1131 τῷ
1080 1073 1200 1124 ἄξονι
1219 1075 1326 1128 πρὸς
1346 1073 1483 1128 ὀρθὰς

89 1146 132 1178 15
158 1139 280 1187 ὄντες
298 1137 450 1180 κύκλοι
469 1137 541 1179 καὶ
559 1137 786 1190 τέμνοντες
804 1138 882 1180 τὸν
901 1137 1097 1192 ὁρίζοντα
1115 1138 1190 1187 τὰς
1209 1153 1254 1180 τε
1273 1136 1483 1188 ἀνατολὰς

155 1201 226 1244 καὶ
253 1203 329 1251 τὰς
354 1202 501 1251 δύσεις
526 1202 633 1243 κατὰ
658 1202 710 1243 τὰ
735 1201 843 1244 αὐτὰ
869 1210 1021 1256 σημεῖα
1047 1208 1124 1244 τοῦ
1150 1201 1367 1256 ὁρίζοντος
1390 1217 1483 1244 ποι-

156 1273 317 1309 οῦνται.
351 1266 373 1308 ὁ
401 1266 446 1307 Κ
456 1268 543 1307 ΘΓ
567 1267 649 1321 ἄρα
673 1266 830 1316 κύκλος
855 1264 919 1307 ἀεὶ
945 1267 1049 1307 κατὰ
1074 1265 1153 1319 μὲν
1178 1266 1226 1308 τὸ
1248 1268 1290 1307 Γ
1307 1273 1485 1319 σημεῖον

157 1329 394 1383 ἀνατέλλει,
420 1331 525 1372 κατὰ
553 1328 599 1371 δὲ
619 1330 667 1371 τὸ
688 1332 731 1371 Κ
750 1331 883 1371 δύνει.
915 1328 986 1371 καὶ
1005 1328 1181 1384 φέρεται
1199 1330 1246 1371 τὸ
1269 1332 1306 1371 Θ
1325 1331 1485 1383 ἄστρον

158 1393 227 1436 ἐπὶ
260 1401 337 1449 τῆς
366 1394 642 1448 περιφερείας
672 1398 752 1435 τοῦ
777 1396 820 1434 Κ
829 1395 915 1435 ΘΓ
938 1394 1117 1436 κύκλου·
1165 1391 1236 1435 καὶ
1266 1394 1313 1435 τὸ
1342 1396 1380 1435 Θ
1404 1394 1487 1447 ἄρα

89 1466 135 1497 20
161 1459 321 1513 ἄστρον
352 1456 418 1499 ἀεὶ
450 1458 556 1499 κατὰ
585 1457 665 1510 μὲν
689 1457 736 1498 τὸ
765 1459 806 1498 Γ
832 1465 1010 1511 σημεῖον
1035 1456 1275 1511 ἀνατέλλει,
1306 1458 1414 1499 κατὰ
1438 1453 1484 1499 δὲ

163 1523 211 1564 τὸ
239 1524 283 1563 Κ
305 1522 439 1564 δύνει.

802 1636 852 1679 δ’.

211 1718 317 1762 Ὅσα
347 1727 436 1762 τῶν
466 1720 636 1772 ἄστρων
661 1717 779 1761 ἐστὶν
805 1717 870 1761 ἐπὶ
897 1720 1102 1773 μεγίστου
1127 1719 1289 1761 κύκλου
1313 1733 1487 1774 περιφε-

164 1786 294 1838 ρείας,
329 1783 375 1834 ὃς
408 1785 512 1839 μήτε
546 1782 688 1836 τέμνει
722 1783 800 1825 τὸν
833 1781 1037 1838 μέγιστον
1069 1789 1156 1824 τῶν
1189 1781 1255 1825 ἀεὶ
1286 1790 1488 1839 φανερῶν

97 1856 141 1888 25
166 1849 338 1890 κύκλων
374 1850 478 1902 μήτε
515 1846 748 1901 ἐφάπτεται
786 1846 944 1900 αὐτοῦ,
985 1846 1153 1889 τούτων
1188 1847 1240 1888 τὰ
1275 1848 1488 1912 πρότερον

166 1911 454 1954 ἀνατέλλοντα
486 1911 558 1953 καὶ
592 1913 806 1966 πρότερον
841 1911 962 1952 δύνει
994 1909 1064 1952 καὶ
1095 1910 1147 1952 τὰ
1178 1901 1389 1965 πρότερον
1414 1910 1488 1952 δύ-

165 1991 297 2018 νοντα
322 1977 535 2031 πρότερον
559 1974 790 2016 ἀνατέλλει.

228 2076 257 2107 1.
284 2071 332 2118 y']
359 2071 474 2112 ἄλλως
497 2083 530 2115 v,
556 2071 589 2107 δ’
616 2070 658 2106 ν’.
707 2075 739 2107 4.
765 2084 802 2107 va
827 2069 891 2106 καί
914 2071 997 2107 Van.
1047 2075 1078 2106 6.
1104 2070 1261 2118 κύκλων]
1286 2071 1324 2106 in
1348 2082 1418 2107 ras.
1444 2071 1487 2114 V

170 2131 238 2154 om.
267 2118 347 2153 vat.
446 2122 475 2152 7.
502 2099 673 2164 ἀφανῶν]
699 2119 723 2153 ἀ
747 2120 876 2162 postea
901 2117 985 2153 add.
1010 2129 1057 2152 m.
1086 2121 1102 2152 1
1129 2117 1172 2160 V,
1197 2118 1278 2153 Vat.
1341 2117 1488 2164 ἄστρον]

170 2165 282 2201 ἄστον
306 2177 344 2208 v;
376 2170 525 2210 σημεῖον
548 2165 643 2207 Vat„
674 2166 716 2200 ut
739 2164 802 2199 lin.
825 2167 880 2208 18,
905 2167 960 2199 20.
1081 2168 1133 2199 11.
1160 2163 1403 2209 στρεφομένης
1426 2170 1491 2224 τῆς

171 2210 345 2258 σσασασ]
378 2211 533 2293 σασα
567 2192 922 2303 σαασσαςσῑσῑέ...
947 2214 1031 2292 ια.
1039 2207 1299 2292 σεξτς.
1323 2214 1387 2293 232
1407 2210 1489 2293 ,αισα

171 2258 386 2349 ξιῒὸτζῗν.
417 2261 515 2339 2227.
532 2256 739 2350 1ἀπειαὲέλλει]
767 2270 1010 2340 ἀνατέλλοντα
1033 2314 1065 2338 v.
1196 2270 1224 2302 φ
1300 2269 1322 2302 η
