1456 2456
551 393 858 446 Corrigenda.

89 503 124 536 p.
140 493 173 535 3,
188 493 232 525 24
258 499 325 535 pro
353 486 499 523 ‘etiam’
528 484 782 529 scribendum:
810 482 975 518 eaedem.

90 556 125 590 p.
140 548 161 579 4
187 543 226 578 in
247 542 434 587 adparatu
452 539 518 574 lin.
534 543 552 573 7
575 537 794 573 delendum.
821 537 900 582 γῆς]
922 557 967 562 -
989 539 1052 578 25;
1078 535 1142 570 lin.
1158 537 1179 569 8
1201 535 1287 569 anfie
1308 533 1387 574 ἴσος

30 597 266 634 addendum:
292 599 349 631 22.

92 663 124 696 p.
141 655 174 694 5,
190 653 233 686 18
259 648 513 685 scribendum:
541 644 876 690 aequinoctialem3
902 654 968 679 eae
996 644 1131 678 autem.

90 717 126 750 p.
142 708 162 739 6
188 703 229 738 in
254 702 441 748 adparatu
466 700 532 735 lin.
546 703 568 734 4
594 701 682 734 ante
708 696 930 744 γιγνόμενον
957 696 1188 732 addendum:
1219 699 1272 730 11.

91 771 126 804 p.
138 761 218 801 18,
334 784 354 800 ,,
465 754 531 789 lin.
547 758 590 789 25
617 764 684 798 pro
710 764 757 787 m.
773 756 793 787 2
821 751 1075 787 scribendum:
1101 762 1151 786 m.
1168 753 1198 784 1.

92 824 128 857 p.
144 814 259 855 32,15
286 808 540 845 scribendum:
567 807 644 855 ἴσῳ.

91 878 127 912 p.
142 869 188 900 44
213 875 284 900 rec.
306 865 331 900 b
359 863 424 898 lin.
446 867 466 897 5
498 860 756 897 scribendum:
783 857 976 906 ἐλαχίστῳ,
1007 870 1043 903 p.
1057 861 1114 900 45,
1130 860 1191 892 24:
1221 856 1387 891 minimo

92 931 127 964 p.
143 922 187 954 46
262 946 283 962 ,,
405 945 425 960 ,,
498 927 565 961 pro
591 913 657 950 τόν
670 914 765 959 (alt.)
792 912 1047 948 scribendum.
1073 910 1126 947 τό.

92 985 128 1018 p
145 975 188 1007 78
262 1000 283 1016 ,,
368 970 433 1005 lin.
454 974 471 1004 1
500 967 753 1004 scribendum:
780 966 958 1003 ἐλάσσοσι.

91 1038 128 1071 p.
144 1028 188 1061 98
207 1025 247 1060 in
268 1024 454 1070 adparatu
472 1033 544 1058 rec.
565 1032 590 1058 a
610 1025 654 1056 10
680 1032 746 1067 pro
765 1019 933 1066 φανερόν
953 1018 1192 1054 scribendum
1211 1015 1388 1063 φαρερόν

92 1091 128 1125 p.
147 1082 213 1114 105
239 1080 314 1114 not.
342 1077 580 1113 scribendum
604 1074 914 1121 propositionum.

93 1145 129 1178 p.
147 1136 213 1168 106
240 1132 280 1167 in
306 1131 492 1177 adparatu
519 1133 573 1165 15.
600 1130 687 1174 post
710 1129 786 1163 ΘΚ
810 1126 1043 1162 addendum:
1071 1125 1176 1172 (alh).

93 1199 128 1232 p.
146 1190 213 1222 152
247 1214 268 1230 ,,
385 1213 406 1230 ,,
493 1188 558 1219 126
586 1182 786 1218 delendum
806 1181 863 1216 Μ’
883 1182 922 1216 et
946 1182 1033 1227 post
1052 1182 1070 1215 λ
1091 1179 1323 1215 addendum:
1342 1178 1391 1213 M.

93 1252 129 1286 p.
147 1243 214 1275 160
248 1267 269 1283 ,,
386 1267 407 1282 ,,
492 1249 559 1283 pro
587 1240 631 1272 10
657 1235 914 1271 scribendum:
944 1239 999 1270 11.

489 1291 554 1326 lin.
571 1294 591 1325 3
618 1292 705 1325 ante
725 1292 759 1325 Γ
782 1290 846 1324 καὶ
871 1286 938 1323 τόν
965 1287 1197 1323 addendum:
1226 1290 1280 1321 13.

540 1373 561 1388 ‚,
622 1355 690 1389 pro
715 1341 781 1379 τὸν
806 1344 865 1378 ter
890 1341 1145 1377 scribendum:
1172 1338 1248 1375 τόν.

94 1413 131 1446 p.
148 1404 214 1435 162
241 1400 280 1435 in
305 1400 426 1446 figura
450 1409 518 1444 pro
544 1412 566 1443 η
593 1397 849 1433 scribendum:
876 1398 924 1431 H.

94 1466 129 1499 p.
146 1457 225 1497 162,
242 1457 285 1489 16
312 1452 567 1489 scribendum:
595 1453 681 1488 ἐστι.

94 1520 130 1553 p.
147 1512 215 1543 164
238 1507 278 1542 in
298 1507 484 1552 adparatu
504 1505 759 1542 scribendum:
783 1509 837 1540 14.
858 1502 1137 1539 πολλαπλάσιον
1157 1499 1179 1546 ἣ
1200 1500 1394 1546 ἐπιμόριον

36 1561 276 1607 Porphyrium
303 1574 363 1602 -ος
388 1574 447 1601 -ος
473 1559 580 1595 codd.

95 1626 132 1660 p.
148 1618 216 1649 170
241 1614 281 1649 in
307 1614 494 1659 adparatu
519 1612 775 1648 scribendum.
803 1614 859 1646 26.
887 1610 964 1657 ἴσα]
991 1610 1102 1645 Pena.

96 1680 133 1713 p.
149 1671 216 1703 178
253 1696 274 1712 „
390 1696 411 1711 ,,
766 1669 832 1702 4.
860 1662 1114 1710 προσκείσθω]
1140 1663 1252 1698 Pena.

96 1734 133 1767 p.
150 1724 217 1757 188
253 1750 273 1765 ,,
520 1719 733 1755 addendum
754 1723 786 1754 4
807 1717 1039 1765 μεταβάσεις]
1057 1714 1269 1756 διαστάσεις
1288 1727 1396 1760 μετα-

38 1774 163 1821 βάσεις
179 1775 238 1810 W.
271 1778 303 1810 5.
329 1774 375 1811 τὰ
401 1773 458 1821 δέ]
486 1775 526 1811 δὲ
551 1773 598 1809 τά
617 1773 676 1808 W.

99 1841 134 1874 p.
151 1832 218 1864 188
243 1829 282 1864 in
309 1828 495 1874 adparatu
520 1827 585 1862 lin.
601 1831 621 1862 3
649 1825 905 1862 scribendum:
933 1823 1126 1870 βαρύτητι]
1146 1822 1207 1858 W.

98 1893 134 1926 p.
151 1885 218 1916 192
255 1910 275 1925 ,,
391 1909 412 1925 ,,
521 1880 752 1916 addendum:
781 1883 836 1914 11.
865 1877 967 1923 μέση]
995 1876 1135 1912 om.W.

99 1947 136 1980 p.
152 1939 218 1970 196
253 1963 274 1979 ,,
390 1963 411 1979 ,,
521 1938 565 1969 21
593 1933 849 1969 scribendum:
877 1929 1038 1978 λιχανός.

99 2000 135 2034 p.
151 1992 220 2024 200
256 2017 277 2034 ,,
392 2017 414 2032 ,,
526 1992 543 2023 1
570 1998 637 2033 pro
665 1986 823 2032 ἔμπαλιν
849 1984 1106 2020 scribendum:
1134 1982 1331 2019 ἀνάπαλιν.

100 2053 136 2087 p.
151 2045 232 2086 201,
247 2046 291 2077 23
318 2041 573 2078 scribendum:
601 2051 656 2084 ea,
682 2050 790 2085 quae.

100 2107 136 2140 p.
151 2098 220 2130 203
247 2096 288 2131 in
302 2096 499 2145 adparatu
524 2098 569 2129 25
596 2093 831 2129 addendum:
858 2090 954 2127 κατά
974 2090 1032 2126 W.

102 2159 138 2193 p.
153 2152 221 2183 212
257 2177 280 2193 ,,
394 2176 415 2192 ,,
523 2147 588 2183 lin.
605 2151 625 2182 3
653 2146 908 2182 scribendum.
935 2143 988 2180 δέ.

103 2212 138 2246 p.
154 2206 223 2237 214
259 2230 280 2245 „
396 2230 418 2246 ,,
526 2212 594 2247 pro
623 2205 665 2235 12
765 2228 786 2244 ,,
935 2203 989 2234 11.

103 2266 139 2300 p·
154 2258 222 2291 216
259 2284 280 2300 n
395 2283 417 2299 9»
551 2283 572 2299 n
623 2258 666 2289 10
765 2281 786 2296 n
934 2256 988 2286 ll·

105 2319 140 2353 p.
155 2312 224 2343 217
262 2337 284 2354 ,,
398 2337 419 2352 ,,
529 2311 573 2343 25
601 2307 832 2343 addendum:
859 2316 952 2340 corr.
973 2303 1148 2341 Meibom.

105 2373 142 2407 p.
156 2365 225 2397 222
263 2390 284 2407 ‚,
400 2390 422 2406 ,,
529 2360 594 2396 lin.
610 2365 631 2396 5
658 2359 897 2396 scribendum
922 2356 1222 2406 μελῳὸουμένων.
