1494 2450
54 756 96 786 10

53 1077 95 1107 15

52 1397 95 1428 20

123 60 209 101 222
514 62 767 96 ΕΙΣΑΓΩΓΗ
788 62 1058 96 APMONIKH

123 171 263 209 θεσιν.
295 166 472 222 ἁρμόσει
498 165 546 210 δε
570 168 618 209 τὸ
636 173 839 210 τοιοῦτον
856 168 1101 222 κατάστημα
1121 175 1209 218 τοῖς
1228 167 1463 224 ἐρωτικοῖς
1463 177 1467 180 ⁴
1486 162 1493 173 ’

122 231 283 273 πάθεσι
313 230 384 273 καὶ
416 233 600 286 θρήνοις
630 230 702 274 καὶ
728 236 888 281 οἴκτοις
912 230 982 274 καὶ
1008 239 1099 281 τοῖς
1121 233 1465 287 παραπλησίοις
1489 230 1493 254 ·²

123 293 412 350 ἡσυχαστικὸν
437 293 485 337 δε
509 292 621 348 ἦθός
646 295 734 338 ἐστι
760 298 1021 350 μελοποιΐας,
1046 312 1079 353 ῳ
1100 295 1332 351 παρέπεται
1349 294 1463 351 ἦρε·

122 361 253 413 μότης
277 366 417 414 ψυχῆς
435 357 505 401 καὶ
525 359 772 414 κατάστημα
791 359 1044 414 ἐλευθέριόν
1061 375 1107 401 τε
1125 359 1196 401 καὶ
1215 361 1444 414 εἰρηνικόν.
1463 337 1489 417 ξ

122 422 363 477 ἁρμόσουσι
384 421 432 465 δὲ
451 423 567 480 αὐτῷ
587 423 730 477 ὕμνοι,
755 429 947 477 παιᾶνες,
973 422 1174 478 ἐγκώμια,
1201 424 1482 478 συμβουλαὶ
1474 444 1476 446 >

123 485 195 528 καὶ
219 488 271 539 τὰ
296 488 466 537 τούτοις
492 487 631 540 ὅμοια.

184 551 249 593 14.
273 553 566 593 Μελοποιΐα
586 550 676 593 ἐστὶ
696 558 846 606 χρῆσις
864 559 952 594 τῶν
963 551 1288 607 προειρημένων
1300 559 1443 606 μερῶν
1478 555 1486 560 ”

122 622 197 670 τῆς
227 615 464 670 ἁρμονικῆς
493 616 563 657 καὶ
595 615 894 671 ὑποκειμένων
924 617 1113 669 δύναμιν
1144 615 1341 670 ἐχόντων.
1382 614 1439 658 δι’

123 676 184 721 ὧν
204 677 251 721 δὲ
267 681 492 734 μελοποιΐα
507 678 772 732 ἐπιτελεῖται,
792 681 819 722 ὃ
832 679 966 722 ἐστιν·
997 680 1158 734 ἀγωγή,
1178 681 1329 733 πλοκή,
1349 694 1444 722 πετ-
1486 682 1487 686 ’

122 745 228 797 τεία,
252 745 368 798 τονή.
401 744 547 799 ἀγωγὴ
572 742 652 798 μὲν
677 741 759 786 οὖν
784 742 902 786 ἐστιν
927 745 952 798 ἡ
979 745 1051 786 διὰ
1074 751 1161 786 τῶν
1186 743 1280 798 ἑξῆς
1306 743 1444 799 φθόγ-

121 824 213 861 γων
239 807 339 858 ὁδὸς
363 814 442 850 τοῦ
467 808 637 863 μέλους,
668 809 804 862 πλοκὴ
831 806 878 850 δὲ
903 809 929 862 ἡ
955 807 1136 858 ἐναλλὰξ
1161 816 1248 850 τῶν
1273 809 1445 862 διαστη-
1480 807 1482 810 ’

120 873 268 925 μάτων
292 871 416 922 θέσις
441 872 727 927 παράλληλος,
757 874 926 914 πεττεία
959 870 1006 914 δὲ
1031 873 1056 927 ἡ
1089 871 1154 926 ἐφ’
1187 871 1282 921 ἑνὸς
1313 874 1444 914 τόνου

121 937 329 986 πολλάκις
348 936 554 991 γινομένη
574 936 739 991 πλῆξις,
763 938 867 991 τονὴ
888 934 935 978 δὲ
954 937 980 991 ἡ
999 935 1068 978 ἐπὶ
1088 939 1268 978 πλείονα
1286 938 1445 991 χρόνον

120 1001 232 1055 μονὴ
257 1001 364 1043 κατὰ
388 1003 493 1055 μίαν
518 1000 726 1055 γινομένη
752 1001 983 1056 προφορὰν
1007 1007 1081 1054 τῆς
1106 1006 1263 1055 φωνῆς.

181 1064 448 1120 [διάγραμμα
490 1063 538 1107 δὲ
577 1071 718 1120 σχῆμα
755 1065 959 1107 ἐπίπεδον
995 1066 1070 1115 τὰς
1103 1072 1190 1106 τῶν
1225 1065 1444 1122 μελῳὸου-
1492 1081 1494 1083 ’

120 1128 264 1183 μένων
288 1129 489 1185 περιέχον
515 1130 731 1183 δυνάμεις.

179 1194 364 1247 δύναμις
395 1193 446 1236 δέ
474 1194 563 1236 ε’στι
589 1192 705 1244 τάξις
730 1195 936 1249 φθόγγου
961 1192 1010 1236 ἐν
1035 1194 1285 1247 συστήματι,
1317 1192 1343 1246 ἢ
1369 1193 1444 1234 δύ-

120 1259 247 1310 ναμίς
272 1256 361 1299 ἐστι
387 1256 503 1308 τάξις
529 1259 748 1312 φθόγγου,
775 1256 833 1300 δι’
849 1254 899 1312 ἧς
917 1259 1182 1313 γνωρίζομεν
1200 1264 1287 1299 τῶν
1306 1258 1445 1311 φθόγ-

121 1337 211 1374 γων
235 1321 427 1364 ἕκαστον.

178 1388 406 1438 μελοποιΐα
440 1385 491 1428 δέ
514 1385 603 1428 ἐστι
629 1391 778 1440 χρῆσις
803 1393 891 1427 τῶν
916 1385 1214 1438 ὑποκειμένων
1238 1391 1288 1440 τῇ
1314 1384 1444 1439 ἀρμο-

122 1456 220 1505 νικῇ
252 1451 519 1507 πραγματείᾳ
549 1448 658 1505 πρὸς
688 1450 735 1492 τὸ
769 1451 931 1492 οἰκεῖον
962 1449 1139 1504 ἑκάστης
1163 1448 1444 1503 ὑποθέσεως]

180 1511 307 1564 οὗτος
338 1514 360 1556 ὁ
393 1514 495 1569 ὄρος
526 1521 600 1569 τῆς
631 1515 736 1556 κατὰ
768 1512 815 1555 τὸ
841 1513 1115 1568 ἡρμοσμένον
1140 1513 1228 1555 ἐστὶ
1252 1527 1445 1567 πραγμα-

120 1580 247 1628 τείας.

182 1675 211 1704 1.
237 1670 464 1717 κατάστημα]
495 1670 608 1705 fuisse
633 1670 704 1704 vid.
730 1668 902 1714 καταίστη
906 1683 955 1714 μα
979 1669 1042 1703 M¹.
1149 1672 1179 1703 7.
1205 1667 1445 1712 (προειρη)μέ-

120 1718 223 1761 ν(ων)
247 1717 286 1751 in
310 1727 379 1752 ras.
398 1718 444 1751 M.
493 1723 665 1761 μερών-
682 1720 714 1751 8.
734 1715 995 1797 ὑποκειμένωνέ
1021 1715 1074 1758 W,
1100 1725 1170 1749 om.
1189 1715 1252 1749 M¹.
1326 1718 1379 1748 10.
1404 1714 1442 1760 ἡ]

121 1775 190 1798 om.
215 1763 280 1798 M1.
395 1768 447 1798 11.
472 1769 545 1798 τῶν
569 1777 606 1799 τε
631 1764 677 1797 M.
786 1766 827 1797 13
865 1776 974 1807 γενομ
995 1776 1039 1807 νη
1064 1761 1122 1805 W,
1147 1762 1233 1796 item
1258 1761 1321 1795 lin.
1343 1765 1396 1795 14.

121 1814 175 1845 15.
201 1809 470 1855 διάγραμμα-
485 1814 539 1845 22.
565 1807 828 1855 πραγματειας]
853 1820 921 1844 om.
939 1809 1014 1843 Vat
1033 1812 1133 1852 1341,
1155 1811 1254 1842 1346.
1308 1811 1360 1842 15.
1386 1805 1442 1865 δέ]

119 1856 297 1892 insertum
316 1857 388 1891 vid.
407 1857 454 1891 M.
503 1855 796 1904 μελῷὸουμένων]
817 1854 1113 1900 ὁμολογουμένων
1131 1854 1188 1889 W
1258 1858 1311 1890 16.
1331 1853 1443 1889 δυνά-
