1494 2450
137 68 192 110 68
641 71 761 105 mm
767 71 947 106 OMENA

134 176 159 229 ἡ
185 177 274 217 ΚΘ
299 176 434 218 δύνει.
477 176 551 217 διὰ
580 177 632 217 τὰ
663 177 772 218 αὐτὰ
803 177 856 231 δὴ
887 178 958 219 καὶ
996 180 1044 221 ἐν
1068 175 1102 235 ᾧ
1126 180 1175 221 τὸ
1202 181 1350 234 Ητὴν
1375 182 1468 222 ΗΧ

135 238 367 294 διέρχεται,
399 240 424 294 ἡ
450 241 547 282 HK
569 240 703 282 δύνει.
753 239 842 283 ἐπεὶ
875 238 957 284 οὖν
987 241 1036 284 ἐν
1068 245 1232 298 σφαίρα
1265 242 1464 298 μέγιστος

134 305 293 353 κύκλος
327 303 349 346 ὁ
380 306 516 345 ΑΒΓ
547 305 710 346 κύκλου
751 306 871 354 τινὸς
906 313 995 348 τῶν
1031 305 1079 348 ἐν
1110 313 1160 361 τῇ
1194 309 1357 362 σφαίρᾳ
1386 312 1463 349 τοῦ

136 370 272 409 ΡΣΤ
291 366 540 422 ἐφάπτεται,
565 369 694 417 ἄλλος
719 368 771 410 δέ
792 385 857 418 τις
880 369 1081 424 μέγιστος
1104 371 1261 420 κύκλος
1285 370 1308 412 ὁ
1328 373 1370 411 Α
1378 371 1472 412 ΗΓ

92 440 111 469 5
140 430 263 482 λοξὸς
289 432 351 474 ὢν
374 430 483 486 πρὸς
507 433 608 482 τοὺς
632 434 934 486 παραλλήλους
957 435 1166 488 μειζόνων
1190 433 1464 488 ἐφάπτεταιῆ

142 493 204 538 ὧν
230 496 252 538 ὁ
273 498 409 537 ΑΒΓ
422 495 669 550 ἐφάπτεται,
693 497 764 538 καὶ
784 496 1094 552 ἀπειλημμέναι
1114 497 1227 540 εἰσὶν
1247 502 1335 540 ἴσαι
1353 512 1466 553 περι-

141 559 311 614 φέρειαι
331 561 375 601 αἱ
396 563 438 601 Α
449 562 506 613 Θ,
529 562 634 613 ΘΚ,
654 562 755 602 ΚΗ
768 559 861 615 ἑξῆς
880 561 949 603 ἐπὶ
967 562 1020 604 τὰ
1039 563 1147 604 αὐτὰ
1166 568 1244 604 τοῦ
1262 563 1466 616 μεγίστου

140 631 229 665 τῶν
254 625 544 678 παραλλήλων
568 630 646 666 τοῦ
670 626 824 678 ΒΗΛ,
851 626 923 667 διὰ
949 626 998 668 δὲ
1021 633 1108 668 τῶν
1135 629 1191 678 Θ,
1218 628 1260 667 Κ
1281 629 1468 680 σημείων

140 689 335 742 μέγιστοι
360 687 513 729 κύκλοι
538 687 825 743 γεγραμμένοι
851 688 963 731 εἰσὶν
988 691 1034 732 οἱ
1050 692 1160 742 ΣΦ,
1187 692 1270 731 ΤΧ
1286 689 1467 743 ἐφαπτό-

73 761 115 791 10
141 767 264 806 μενοι
290 757 369 793 τοῦ
391 754 525 792 ΡΣΤ
541 752 719 806 κύκλου,
745 749 798 794 οὗ
825 751 896 794 καὶ
920 752 943 794 ὁ
968 752 1011 804 ἐξ
1037 753 1170 809 ἀρχῆς
1188 755 1324 794 ΑΒΓ
1337 753 1470 807 ἐφήπ-

140 831 250 869 τετο,
284 815 544 870 ἀσύμπτωτα
573 822 807 865 ποιοῦντες
837 817 888 859 τὰ
919 816 1003 858 ἀπὸ
1029 825 1117 859 τῶν
1143 821 1203 870 Σ,
1236 820 1274 858 Τ
1292 817 1471 871 ἐπαφῶν

141 880 370 935 ἡμικύκλια
407 880 465 928 ὡς
502 878 570 921 ἐπὶ
607 880 659 921 τὰ
690 882 745 933 Κ,
773 883 810 921 Θ
847 880 953 935 μέρη
991 885 1050 938 τῷ
1076 884 1196 923 ΡΑΒ
1234 880 1470 938 ἡμικυκλίῳ

142 950 221 986 τοῦ
246 943 479 998 ὁρίζοντος,
504 941 572 998 ἐφ’
591 939 644 985 οὗ
671 943 788 986 ἐστιν
815 945 841 998 ἡ
867 947 1041 1000 συναφὴ
1060 951 1140 988 τοῦ
1160 944 1289 995 λοξοῦ
1307 945 1469 987 κύκλου

142 1085 365 1140 περιφέρεια
389 1092 433 1140 τῇ
459 1090 536 1138 γΛ,
561 1085 655 1126 ἀλλὰ
680 1084 703 1137 ἡ
735 1088 811 1125 ΟΚ
836 1093 880 1142 τῇ
907 1090 963 1131 Ρς
990 1086 1102 1138 ὁμοία
1127 1086 1241 1138 ἐστίν,
1266 1086 1330 1126 καὶ
1354 1085 1379 1138 ἡ
1407 1090 1463 1132 Ρς

143 1144 217 1198 ἄρα
242 1151 286 1199 τῇ
312 1149 377 1197 γΛ
401 1144 501 1183 ἐστιν
527 1142 664 1196 ὁμοία·
695 1145 763 1184 καί
784 1145 856 1184 εἰσι
880 1151 949 1184 τοῦ
974 1144 1096 1185 αὐτοῦ
1113 1146 1270 1185 κύκλου·
1303 1146 1366 1196 ἴση
1385 1144 1460 1197 ἄρα

143 1203 245 1244 ἐστὶν
270 1201 294 1254 ἡ
316 1205 372 1247 Ρς
399 1208 444 1257 τῇ
471 1206 544 1254 γΛ.
575 1202 688 1254 κοινὴ
713 1201 938 1258 ἀφῃρήσθω
961 1201 986 1254 ἡ
1012 1216 1064 1256 γς
1079 1213 1087 1221 ·
1119 1202 1233 1254 λοιπὴ
1258 1202 1332 1255 ἄρα
1356 1201 1381 1255 ἡ
1411 1205 1467 1256 Py

145 1268 190 1316 τῇ
216 1265 282 1306 ςΛ
310 1261 413 1301 ἐστιν
439 1261 514 1312 ἴση.
563 1258 587 1311 ἡ
621 1259 661 1300 δὲ
691 1262 767 1300 ΟΚ
796 1267 864 1313 τῆς
890 1264 956 1306 ςΛ
986 1262 1123 1312 μείζων
1148 1260 1250 1301 ἐστὶν
1274 1259 1300 1313 ἣ
1326 1260 1465 1312 ὁμοία·

101 1333 120 1362 5
145 1319 210 1359 καὶ
234 1318 258 1371 ἡ
289 1321 365 1359 ΟΚ
389 1317 464 1371 ἄρα
487 1325 556 1370 τῆς
583 1321 637 1371 Ργ
662 1320 800 1370 μείζων
824 1318 925 1359 ἐστὶν
949 1318 975 1371 ἢ
1001 1318 1131 1371 ὁμοία·
1163 1318 1205 1359 ἐν
1229 1320 1378 1359 πλείονι
1399 1317 1473 1372 ἄρα

146 1378 268 1452 χρόνῳ
299 1377 341 1416 τὸ
372 1380 409 1416 Κ
442 1376 514 1428 τὴν
538 1379 619 1416 ΚΟ
652 1376 899 1431 περιφέρειαν
930 1378 1088 1418 διελθὸν
1118 1377 1180 1418 ἐπὶ
1211 1378 1253 1418 τὸ
1281 1379 1315 1417 Ο
1348 1392 1471 1431 παρα-

146 1438 327 1489 γίγνεται,
350 1434 447 1488 ήπερ
472 1435 513 1474 τὸ
538 1451 562 1488 y
586 1434 800 1486 ἀρξάμενον
824 1434 900 1475 ἀπὸ
925 1442 994 1475 τοῦ
1018 1452 1041 1488 γ
1059 1435 1130 1487 τὴν
1148 1435 1471 1489 γΡπεριφέρειαν

149 1494 306 1533 διελθὸν
330 1493 393 1533 ἐπὶ
417 1493 458 1532 τὸ
486 1496 518 1532 Ρ
536 1492 730 1545 παρέσται.
779 1489 860 1533 ἀλλ’
889 1494 930 1534 ἐν
962 1487 992 1548 ᾧ
1024 1492 1093 1545 μὲν
1127 1494 1251 1549 χρόνῳ
1276 1494 1318 1535 τὸ
1342 1496 1380 1532 Κ
1404 1493 1475 1544 τὴν

149 1554 230 1592 ΚΟ
253 1550 511 1622 περιφέρειαν
525 1551 683 1591 διελθὸν
709 1551 771 1591 ἐπὶ
796 1552 836 1592 τὸ
861 1554 893 1591 Ο
917 1553 1204 1605 παραγίγνεται,
1229 1550 1378 1591 δύνει“
1356 1568 1380 1603 η
1401 1554 1473 1590 ΒΚ

83 1622 124 1653 10
148 1609 385 1664 περιφέρεια,
417 1608 458 1649 ἐν
484 1603 514 1664 ᾧ
539 1608 580 1649 δὲ
605 1610 729 1665 χρόνῳ
753 1609 795 1649 τὸ
819 1626 842 1662 γ
867 1610 938 1661 τὴν
963 1612 1029 1663 yP
1047 1609 1294 1664 περιφέρειαν
1319 1609 1476 1649 διελθὸν

151 1669 212 1709 ἐπι
236 1669 278 1708 τὸ
305 1671 337 1707 Ρ
361 1669 629 1720 παραγίνεται,
661 1668 770 1707 δύνει
801 1666 825 1719 ἡ
858 1671 935 1707 ΚΛ
965 1667 1209 1721 περιφέρεια
1257 1668 1300 1708 ἐν
1323 1668 1472 1708 πλείονι

149 1727 224 1781 ἄρα
248 1726 371 1781 χρόνῳ
396 1724 421 1777 ἡ
447 1728 522 1765 ΒΚ
548 1726 657 1766 δύνει
679 1724 777 1778 ’ἥπερ
805 1724 828 1777 ἡ
855 1729 942 1765 ΚΛ.
975 1726 1090 1766 πάλιν
1114 1725 1196 1766 ἐπεὶ
1215 1727 1352 1777 μείζων
1370 1726 1473 1765 ἐστιν

150 1785 174 1835 ἡ
201 1786 257 1837 αβ
282 1791 350 1836 τῆς
374 1783 455 1836 βΞ,
481 1781 562 1823 ἀλλ’
584 1782 608 1835 ἡ
634 1786 690 1836 αβ
715 1791 759 1837 τῇ
786 1788 851 1829 ςΛ
874 1784 976 1824 ἐστιν
1000 1783 1134 1836 ὁμοία,
1164 1784 1229 1824 καὶ
1259 1782 1284 1836 ἡ
1310 1788 1376 1829 ςΛ
1399 1782 1475 1837 ἄρα

152 1850 219 1895 τῆς
253 1841 320 1895 βΞ
348 1843 486 1894 μείζων
519 1842 622 1881 ἐστὶν
655 1841 681 1894 ἢ
716 1841 851 1894 ὁμοία·
899 1846 1025 1897 πολλῳ
1051 1841 1126 1895 ἄρα
1157 1841 1182 1893 ἡ
1215 1845 1284 1881 ΡΛ
1315 1849 1384 1894 τῆς
1416 1840 1483 1895 βΞ

85 1915 127 1944 15
153 1903 290 1953 μείζων
315 1900 417 1940 ἐστὶν
441 1899 466 1952 ἢ
492 1898 620 1952 ὁμοία,
633 1907 712 1971 τῆς
737 1899 779 1940 δὲ
807 1899 890 1943 ΗΞ
908 1900 1079 1940 ἐλάσσων
1103 1899 1129 1952 ἢ
1155 1899 1282 1952 ὁμοία.
1314 1899 1407 1940 ἔστω
1432 1905 1477 1955 τῇ

155 1963 222 1999 ΡΛ
247 1958 360 2010 ὁμοία
385 1956 471 2009 ἡ’“’
436 1969 511 2000 με·
555 1958 596 1998 ἕν
622 1952 651 2014 ᾧ
676 1957 750 2011 ἄρα
775 1958 898 2013 χρόνῳ
922 1958 1026 1998 τὸς*
990 1972 1021 2001 ,.,
1044 1958 1176 2010 τὴνΗ
1140 1972 1196 2001 ,ιε
1221 1957 1478 2011 περιφέρειαν.

155 2017 312 2058 διελθὸν
342 2015 404 2056 ἐπὶ
421 2016 476 2060 τὸ
508 2031 524 2055 ε
555 2017 847 2070 παραγίγνεται,
877 2016 920 2056 ἐν
944 2017 1065 2072 τούτῳ
1089 2016 1154 2056 καὶ
1179 2016 1219 2056 τὸ
1244 2020 1284 2055 Λ
1310 2016 1380 2067 τὴν
1403 2018 1485 2055 ΛΡ

153 2074 398 2128 περιφέρειαν
435 2074 594 2114 διελθὸν
630 2073 691 2114 ἐπὶ
721 2074 764 2114 τὸ
796 2077 829 2114 Ρ
859 2074 1042 2127 παρέσται
1078 2074 1143 2114 καὶ
1173 2073 1194 2113 ὁ
1224 2081 1301 2113 τῶν
1331 2075 1479 2130 ζῳδίων

154 2135 294 2180 κύκλος
323 2131 436 2172 θέσιν
467 2131 540 2180 ἕξει
572 2131 623 2180 ὥς
648 2132 719 2183 τὴν
745 2135 841 2184 εΡη.
893 2131 974 2172 ἐπεὶ
1000 2128 1071 2172 οὖν
1097 2131 1210 2183 ὁμοία
1235 2132 1336 2172 ἐστὶν
1356 2115 1386 2183 ἡ
1414 2135 1480 2171 ΡΛ

214 2221 247 2246 8.
276 2197 316 2245 5.
315 2196 451 2251 λοξὸς
481 2208 532 2245 ὢν
562 2208 653 2254 πρὸς
681 2210 767 2250 τοὺς
790 2209 1052 2254 παραλλήλους]
1055 2196 1224 2244 -αᾱάἰᾶὶ,
1289 2207 1476 2254 μειζόνων]

155 2257 284 2302 μείζων
309 2266 343 2291 8.
422 2260 453 2291 6.
480 2256 717 2301 ἀπειλημέναι
742 2267 775 2292 8.
861 2260 892 2291 8.
920 2256 1035 2301 BHA]
1064 2258 1155 2290 BHA
1180 2265 1213 2290 8.
1263 2222 1332 2300 δέ]
1342 2255 1479 2290 addidi.

159 2308 212 2339 11.
238 2304 322 2348 τῶν]
351 2313 461 2346 supra
484 2314 531 2338 ιιι.
559 2307 575 2337 1
604 2303 645 2338 V
