1494 2450
78 762 121 793 10

77 1082 119 1113 15

75 1403 119 1434 20

75 1723 118 1752 25

75 2043 119 2074 30

151 70 237 112 246
666 72 964 107 FRAGMENTA

210 176 300 219 ἐπεὶ
326 175 408 220 οὗν
432 176 565 231 ἐστιν,
590 178 646 228 ὡς
671 177 750 231 μὲν
775 178 801 232 ἡ
826 181 905 220 ΕΖ
931 179 1040 233 πρὸς
1064 180 1144 234 τὴν
1171 182 1263 233 ZA,
1288 176 1446 231 οὕτωςῚὶ

150 244 237 283 ΕΘ
260 241 369 296 πρὸς
392 242 472 295 τὴν
501 243 591 295 ΘΛ,
617 241 675 291 ὡς
699 242 748 283 δὲ
772 242 798 296 ἡ
825 245 907 284 ΑΖ
931 243 1038 298 πρὸς
1062 244 1140 297 τὴν
1169 246 1263 298 ΖΗ,
1289 244 1423 296 οὕτως
1479 268 1483 278 ε

153 307 232 346 ΘΛ
264 306 374 359 πρὸς
407 306 486 358 τὴν
515 307 631 346 ΘΜ·
671 306 741 346 καὶ
773 307 854 359 γὰρ
886 307 912 360 ἡ
942 309 1032 349 ΘΚ
1061 308 1170 362 πρὸς
1199 309 1278 362 τὴν
1305 311 1400 351 ΘΗ
1425 308 1482 378 ἐξ

149 370 429 425 παραλλήλῳ·
461 369 525 410 δι’
541 373 639 411 ἴσου
663 370 746 423 ἄρα
771 369 903 423 ἐστίν,
929 372 987 420 ὡς
1010 372 1036 425 ἡ
1056 375 1133 413 ΕΖ
1157 373 1264 426 πρὸς
1282 373 1362 426 τὴν
1381 375 1416 415 Ζ

150 432 288 482 οὕτως
311 433 337 486 ἡ
364 436 443 474 ΕΘ
473 433 582 512 πρὸξ
605 434 684 487 τὴν
712 436 811 475 ΘΜ
851 435 900 476 τὸ
932 435 1016 488 ἄρα
1046 435 1131 477 ὑπὸ
1157 442 1245 477 τῶν
1272 439 1366 489 ΘΕ,
1390 438 1481 478 Η

148 496 248 538 ἴσον
273 495 391 538 ἐστὶν
416 502 475 552 τῷ
507 496 592 539 ὑπὸ
619 504 706 538 τῶν
730 500 821 549 ΕΖ,
851 501 949 540 ΘΜ.
1000 499 1104 541 ἄλλο
1131 499 1182 541 δέ
1203 515 1243 540 τι
1269 500 1400 554 τυχὸν
1422 501 1477 556 τὸξ

146 560 232 602 ὑπὸ
258 568 346 602 τῶν
370 563 461 613 ΕΖ,
491 563 595 602 ΘΗ·
633 558 752 603 ἔστιν
777 562 873 616 ἄρα,
898 562 956 612 ὡς
980 563 1029 604 τὸ
1054 563 1137 604 ὑπὸ
1162 571 1250 605 τῶν
1273 567 1365 617 ΕΘ,
1391 557 1479 626 HQ

146 625 254 678 πρὸς
278 625 326 666 τὸ
352 624 437 666 ὑπὸ
464 632 552 666 τῶν
570 628 660 678 ΕΖ,
681 628 779 678 ΗΘ,
805 626 942 675 οὕτως
966 626 1013 668 τὸ
1040 626 1124 669 ὑπὸ
1144 630 1234 680 ΕΖ,
1258 630 1350 668 ΘΜ
1367 627 1477 684 πρὸξ,

147 689 194 730 τὸ
219 688 304 730 ὑπὸ
330 691 419 742 ΕΖ,
445 691 544 741 ΗΘ,
576 688 803 730 τουτέστιν
826 689 853 743 ἡ
882 693 978 732 ΘΜ
994 692 1104 766 πρὸξ,ἱ
1131 693 1228 744 ΘΗ,
1253 690 1474 738 τουτέστιν

146 752 172 805 ἡ
197 755 280 794 ΛΘ
303 753 412 806 πρὸς
436 754 515 806 τὴν
543 755 634 793 ΘΚ.
674 754 780 794 κατὰ
805 754 857 795 τὰ
883 753 992 795 αὐτὰ
1017 757 1101 807 καί,
1127 755 1184 803 ὡς
1208 754 1234 808 ἠ
1261 757 1343 796 ΚΘ
1367 755 1473 810 πρὸς

146 817 226 870 τὴν
248 819 339 870 ΘΛ,
359 816 496 865 οὕτως
515 817 563 857 τὸ

146 880 231 922 ὑπὸ
256 883 349 934 ΘΛ,
363 883 445 922 ΒΓ
456 881 564 934 προς

144 945 194 986 τὸ
226 945 309 986 ὑπὸ
344 947 439 997 ΘΒ,
470 946 565 985 ΓΔ·

146 1007 362 1050 ἀνάπαλιν
396 1009 478 1061 ἄρα
503 1009 567 1061 γί-

145 1072 570 1126 νεται,ὡςὴΛΘπρὸς

146 1137 226 1190 τὴν
249 1138 342 1189 ΘΚ,
363 1136 501 1185 οὕτως
519 1138 567 1177 τὸ

145 1199 230 1241 ὑπὸ
256 1202 345 1253 ΘΒ,
365 1201 444 1241 ΓΔ
462 1201 570 1254 πρὸς

145 1264 193 1305 τὸ
227 1263 313 1305 ὑπὸ
349 1266 450 1318 ΘΔ,
477 1265 568 1304 ΒΓ.

146 1328 205 1378 ὡς
231 1327 280 1369 δὲ
304 1326 330 1381 ἡ
354 1329 436 1368 ΛΘ
459 1328 567 1382 πρὸς

145 1392 226 1446 τὴν
272 1393 382 1445 ΘΚ,
431 1391 567 1440 οὕτως

147 1455 323 1510 ἐδείχθη
378 1455 425 1496 τὸ
481 1455 564 1496 ὑπὸ

144 1522 250 1572 ΕΘ,
273 1521 362 1560 ΗΖ
385 1519 493 1572 πρὸς
517 1519 564 1560 τὸ

144 1583 230 1624 ὑπὸ
250 1586 342 1633 EZ,
362 1585 464 1624 ΗΘ·
493 1581 563 1624 καὶ
614 1577 641 1609 Α
724 1578 768 1630 Β.
819 1577 853 1610 Γ
1016 1578 1049 1608 Λ
1168 1577 1199 1610 Ε
1420 1577 1447 1610 Ζ

146 1647 204 1696 ὡς
229 1648 312 1702 ἄρα
336 1647 384 1688 τὸ
410 1644 494 1688 ὑπὸ
519 1649 620 1695 ΕΘ,
646 1648 728 1687 ΗΖ
759 1645 866 1701 πρὸς
891 1646 938 1688 τὸ
967 1647 1049 1688 ὑπὸ
1077 1650 1173 1700 ΕΖ,
1200 1649 1303 1700 ΗΘ,
1335 1646 1494 1696 οὕτωςξ-ἰ

144 1710 192 1752 τὸ
218 1709 304 1752 ὑπὸ
335 1713 424 1763 ΘΒ,
451 1712 530 1751 ΓΔ
553 1709 659 1763 πρὸς
683 1710 731 1752 τὸ
758 1710 841 1752 ὑπὸ
873 1713 966 1763 ΘΔ,
994 1712 1080 1752 ΒΓ.
1467 1701 1494 1758 2,

205 1775 292 1816 Διὰ
311 1774 360 1815 δὲ
372 1779 450 1816 τοῦ
465 1772 742 1827 συνημμένου
757 1773 910 1824 οὕτως·
947 1773 1036 1816 ἐπεὶ
1055 1775 1078 1817 ὁ
1093 1782 1170 1817 τοῦ
1182 1774 1267 1817 ὑπὸ
1285 1777 1373 1828 ΘΕ,
1388 1754 1484 1817 Hffi

144 1837 251 1893 πρὸς
275 1838 323 1879 τὸ
348 1838 432 1880 ὑπὸ
463 1840 558 1890 ΘΗ,
581 1841 657 1879 ΖΕ
679 1844 893 1892 συνῆπται
920 1836 1090 1892 λόγος”
1066 1853 1113 1880 εκ
1132 1854 1177 1880 τε
1196 1845 1288 1892 τοῦ,
1314 1836 1398 1880 ὃν’
1383 1834 1485 1921 ἐχειξξ

144 1901 170 1956 ἡ
194 1905 272 1944 ΘΕ
288 1901 397 1956 πρὸς
415 1902 494 1955 τὴν
509 1904 598 1955 ΕΖ,
617 1900 687 1942 καὶ
708 1908 800 1954 τοῦ,
821 1902 874 1944 ὃν
894 1904 979 1956 ἔχει
998 1902 1023 1955 ἡ
1048 1905 1135 1943 ΖΗ
1146 1902 1254 1956 πρὸς
1272 1903 1352 1956 τὴν
1372 1891 1485 1980 HQ}

144 1967 218 2008 καί
240 1965 372 2019 ἐστιν,
397 1966 455 2015 ὡς
479 1965 598 2018 ‘bhv‘
577 1981 602 2019 η
627 1969 704 2006 ΘΕ
721 1964 830 2021 πρὸς
848 1967 928 2020 τὴν
948 1969 1038 2018 ΕΖ,
1065 1966 1200 2015 οὕτως
1219 1967 1244 2020 ἡ
1267 1967 1345 2007 ΘΛ
1362 1964 1483 2026 πρὸς

144 2031 224 2084 τὴν
252 2033 343 2084 ΖΑ,
370 2030 428 2079 ὡς
453 2029 501 2071 δὲ
527 2029 551 2084 ἡ
580 2032 667 2070 ΖΗ
684 2029 794 2084 προς
818 2030 898 2083 τὴν
922 2032 1020 2082 ΗΘ,
1046 2029 1182 2079 οὕτως
1206 2030 1231 2083 ἡ
1261 2033 1339 2071 ΖΑ
1363 2026 1487 2083 πρὸέῖ

145 2157 219 2192 ἔδει
244 2158 299 2191 δει
289 2157 372 2202 ξαι]
394 2169 413 2191 ο
440 2156 531 2196 ood.,
557 2156 660 2199 ὅπερε
664 2171 710 2187 ω
734 2156 890 2191 Hultsch
916 2167 999 2191 oum
1023 2156 1116 2191 aliis.
1223 2168 1258 2200 p.
1279 2160 1357 2198 245,
1379 2159 1421 2190 18
1445 2154 1483 2202 ἡ,

144 2206 223 2238 ΛΜ
243 2204 353 2248 καὶ],
358 2203 522 2245 fortasse
547 2205 743 2247 διαχθεῖσα
769 2202 1352 2247 ·1‘7.111M“Hults0h.3.3v
1377 2195 1483 2245 παρέ

145 2249 297 2296 αλλήλῳ]
333 2250 365 2284 h
393 2261 422 2284 θ.
457 2249 544 2294 quia.
574 2250 671 2283 inter
701 2249 792 2284 duas
824 2249 1021 2293 parallelas
1051 2248 1398 2293 snnt‚u.Hu1tsch
1430 2248 1481 2284 ixi>

145 2296 220 2331 ind.
246 2307 273 2331 s.
299 2308 333 2331 u.
359 2296 596 2340 παράλληλος.
693 2299 747 2329 26.
774 2296 809 2342 ὁ]
835 2307 906 2331 om.
934 2297 1027 2340 cod.
1052 2277 1218 2331 Hult'seh.
1477 2327 1479 2329 ,
