1494 2450
49 747 91 777 10

47 1067 89 1097 15

126 56 182 98 36
630 63 933 98 ΦΑΙΝΟΜΕΝΑ

181 165 289 206 ἔστω
316 164 548 208 ἀνατολικὰ
572 165 652 220 μὲν
677 169 727 209 τὰ
754 173 809 221 Δ,
837 171 878 210 Γ
900 170 1026 225 μέρη,
1059 172 1213 213 δυτικὰ
1244 170 1292 214 δὲ
1317 174 1369 215 τὰ
1393 179 1447 229 Α,

124 230 170 269 Β.
214 228 280 270 ὅτι
310 226 393 282 μὲν
423 226 505 272 οὖν
537 230 559 272 ὁ
590 239 678 273 τῶν
709 233 874 288 ζῳδίων
898 234 1054 284 κύκλος
1077 237 1183 278 κατὰ
1207 237 1346 279 πάντα
1370 239 1448 280 τὸν

122 293 257 334 τόπον
275 299 354 335 τοῦ
374 293 594 349 ὁρίζοντος
612 296 689 337 τὸν
708 295 864 350 μεταξὺ
883 305 972 339 τῶν
990 307 1207 353 τροπικῶν
1227 300 1448 344 ἀνατέλλει
1487 354 1490 358 .

121 370 166 397 τε
190 355 262 398 καὶ
287 357 427 412 δύνει,
454 361 663 414 φανερόν,
690 359 918 416 ἐπειδήπερ
943 363 1152 414 μειζόνων
1176 364 1347 407 κύκλων
1372 364 1445 420 ἐφ-

121 420 296 463 άπτεται
321 421 346 476 ἢ
372 418 435 463 ὧν
460 421 483 464 ὁ
510 422 665 478 ὁρίζων
690 423 934 478 ἐφάπτεται.

178 484 301 538 λέγω,
327 485 393 527 ὅτι
417 485 488 527 καὶ
507 488 669 541 τροπὰς
693 496 879 530 ποιεῖται
899 489 1103 541 ἐναντίως
1120 494 1446 548 μεθιστάμενος.

178 549 459 602 εἰλήφθωσαν
491 551 571 606 γὰρ
604 551 694 594 ἴσαι
724 567 769 594 τε
794 551 865 594 καὶ
891 552 1152 597 ἀπεναντίον
1175 556 1444 613 περιφέρειαι

119 613 167 653 αἱ
182 615 280 666 ΔΕ,
302 616 401 667 ΖΒ,
426 614 498 656 καὶ
523 616 846 670 γεγράφθωσαν
864 618 1131 672 παράλληλοι
1150 620 1314 674 κύκλοι,
1339 621 1441 663 καθ’

119 672 181 718 ὧν
206 676 384 732 φέρεται
410 679 462 719 τὰ
486 681 538 733 Ε,
566 681 601 720 Ζ
627 687 793 734 σημεῖα,
825 682 866 723 02
893 684 1048 736 ΗΕΘ,
1077 685 1116 724 Κ
1125 686 1211 726 ΖΛ.
1256 683 1347 727 ἐπεὶ
1373 685 1443 740 ἴση

117 739 237 782 ἐστὶν
260 741 286 794 ἡ
306 745 349 783 Δ
358 744 397 783 Ε
418 742 672 798 περιφέρεια
697 750 747 799 τῇ
776 747 854 786 ΖΒ
878 748 1142 803 περιφερείᾳ,
1166 749 1290 802 κοινὴ
1315 762 1445 803 προσ-

115 807 279 846 κείσθω
305 805 331 859 ἡ
357 809 454 847 ΕΒ·
488 807 564 862 ὅλη
590 807 673 862 ἄρα
697 809 723 862 ἡ
742 811 874 850 ΔΕΒ
900 810 976 864 ὅλη
996 817 1047 866 τῇ
1067 814 1148 853 ΕΒ
1162 814 1195 853 Ζ
1215 811 1334 854 ἐστιν
1354 817 1440 868 ἴση·

116 869 373 922 ἡμικύκλιον
407 870 458 912 δέ
486 870 575 913 ε’στι
608 871 654 913 τὸ
686 875 835 914 ΔΕΒ·
886 874 1143 928 ἡμικύκλιον
1176 876 1259 930 ἄρα
1291 878 1362 918 καὶ
1397 878 1444 919 τὸ

115 934 258 973 ΕΒΖ·
290 934 397 975 κατὰ
422 934 654 989 διάμετρον
679 937 762 992 ἄρα
787 936 876 979 ἐστὶ
903 938 950 979 τὸ
965 941 1007 979 Ε
1031 947 1209 993 σημεῖον
1232 943 1351 998 τῷΣ
1372 952 1444 996 ση-

115 999 231 1053 μείῳ.
269 998 338 1039 καὶ
366 997 456 1040 ἐπεὶ
484 1002 553 1053 ἴση
581 998 699 1042 ἐστὶν
723 1001 749 1054 ἡ
774 998 854 1054 μὲν
878 1004 967 1043 ΕΔ
991 1003 1243 1059 περιφέρεια
1268 1011 1318 1060 τῇ
1344 1008 1387 1046 Δ
1397 1008 1452 1047 Μ

115 1063 383 1118 περιφερείᾳ,
410 1063 434 1116 ἡ
461 1060 509 1104 δὲ
538 1065 616 1104 ΖΒ
643 1070 693 1119 τῇ
718 1067 826 1118 ΒΝ,
853 1064 946 1107 ἀλλ’
977 1066 1002 1121 ἡ
1029 1070 1118 1108 ΔΕ
1141 1074 1191 1123 τῇ
1220 1071 1298 1110 ΖΒ
1325 1067 1443 1111 ἐστιν

168 1500 199 1531 4.
220 1497 415 1541 ἐπειδήπερ
430 1518 474 1524 —
489 1502 520 1533 6.
534 1498 751 1545 ἐφάπτεται]
767 1499 921 1535 fortasse
935 1500 1166 1545 interpolata.
1200 1506 1231 1537 4.
1252 1501 1439 1550 μειζόνων]

109 1543 147 1576 in
173 1554 242 1578 ras.
263 1544 304 1579 V.
342 1544 496 1590 κύκλων]
522 1555 634 1589 supra
660 1556 776 1590 comp.
804 1546 888 1581 add.
915 1558 974 1585 m..
990 1551 1006 1582 1
1034 1549 1075 1583 V.
1115 1548 1256 1584 κύκλων
1282 1549 1440 1594 ἐφάπτε-

108 1591 184 1636 ται]
211 1589 412 1635 ἐφάπτεται
436 1591 580 1627 κύκλων
605 1591 687 1627 Vat.
795 1597 826 1628 5.
854 1591 875 1638 ἢ
902 1590 967 1640 ὧν]
994 1593 1033 1628 in
1056 1605 1126 1629 ras.
1155 1594 1196 1629 V.
1247 1594 1267 1630 ὁ
1309 1607 1377 1631 om.
1405 1606 1437 1632 a.

110 1635 239 1679 ὁρίζων
265 1636 481 1684 ἐφάπτεται]
515 1648 625 1682 supra
649 1650 695 1672 m.
724 1643 744 1673 2
769 1639 811 1674 V.
933 1644 964 1675 6.
991 1640 1096 1687 λέγω]
1127 1641 1217 1685 λέγω
1243 1643 1283 1677 δε
1308 1642 1391 1678 Vat.

111 1687 140 1717 7.
166 1683 460 1729 ἀπειλήφθωσαν
485 1685 567 1720 Vah.
616 1684 702 1731 γάρ]
728 1697 797 1721 om.
824 1686 907 1722 Vat.
1029 1691 1060 1722 9.
1087 1685 1167 1723 ἐπεί
1193 1688 1276 1723 add.
1303 1688 1367 1724 καί
1390 1701 1437 1724 m.

109 1734 128 1763 2
155 1730 237 1766 Vat.
335 1734 388 1766 10.
414 1737 457 1777 τῇ
487 1734 550 1766 ΖΒ
575 1731 807 1781 περιφερείᾳ]
837 1744 947 1777 supra
977 1745 1023 1769 m.
1051 1737 1071 1768 2
1097 1734 1179 1769 Vat.
1280 1739 1331 1769 12.
1358 1735 1437 1780 ἡμι-

107 1777 258 1858 τῦιζιῖλιον
282 1777 329 1858 (ἷέὸ
347 1776 637 1860 ἐΞὶἒᾶὸνέἒΒ]
670 1790 779 1823 supra
804 1791 848 1814 m.
876 1783 896 1814 2
924 1779 1006 1815 Vat.
1055 1780 1143 1815 Post
1168 1780 1241 1824 ἄρα
1265 1781 1337 1816 add
1364 1782 1438 1817 ἐστί

158 2243 199 2277 Iu
226 2244 309 2289 figg.
337 2243 440 2279 codd.
468 2253 491 2279 ιι
518 2248 577 2279 ΑΔ
604 2246 640 2279 et
669 2247 732 2279 ΒΓ
766 2244 985 2279 semicirculi
1012 2247 1113 2288 sunt;
1147 2245 1286 2280 litterae
1311 2248 1364 2290 M,
1390 2247 1436 2299 Ξ,

102 2293 140 2325 Π
162 2290 245 2325 add.
272 2302 316 2324 m.
345 2294 365 2324 2
390 2290 432 2326 V.
