1494 2450
154 59 234 100 136
493 61 690 97 SCHOLIA
715 63 766 97 IN
789 63 1122 99 PHAENOMENA

150 172 343 221 φανεροῦ
368 167 654 223 ἡμισφαιρίου
678 167 722 219 ἐς
748 170 797 212 τὸ
822 168 986 224 ἀφανὲς
1009 174 1340 228 μεταμείβουσα,
1365 175 1412 217 ὅτ
1437 175 1441 182 ”
1470 167 1486 222 ξ

810 235 1402 293 -τὸΑσημεῑοντὸπροηγού
1472 238 1488 252 ‘²'

808 314 904 353 vov,
916 296 1024 341 ἔστω
1039 300 1087 342 δὲ
1097 301 1123 355 ἡ
1132 303 1210 343 ΑΒ
1220 302 1424 358 περιφέρε
1468 265 1489 349 Ξ

810 362 878 405 ἐπὶ
902 364 982 418 τὴν
1001 363 1217 419 ἀνατολὴν
1237 364 1408 416 δείξασα
1467 351 1487 426 {¹3

102 432 122 462 5
160 467 192 499 B
206 279 727 499 m
740 448 768 480 A
808 428 857 470 τὸ
868 427 1079 482 ἑπόμενον
1089 429 1138 471 τὸ
1147 431 1184 471 Β
1193 429 1392 486 ἀνατείλῃ

809 492 917 547 πρὸς
947 493 1113 546 δυσμὰς
1137 492 1346 548 γενομένη
1370 509 1421 551 κρ

148 559 265 602 ψασα
303 553 352 595 τὸ
391 553 634 607 ἡγούμενον
671 562 849 609 σημεῖον
892 556 938 598 τὸ
977 560 1018 598 A
1061 555 1274 613 ἐπικρύψῃ
1314 558 1384 600 καὶ
1458 559 1484 617 ζ,

148 615 358 669 ἑπόμενον
382 618 430 659 τὸ
456 621 504 659 Β.
1450 615 1474 669 3.

663 698 737 741 Ad
767 715 902 756 prop.
927 700 958 744 I.
1001 729 1009 736 -
1458 695 1472 716 ς

79 792 122 824 10
207 779 274 822 21.
306 780 476 823 Εὐθετοε
501 780 621 823 ἐστιν
644 796 683 835 p.
707 781 848 837 1020]
883 783 955 824 διὰ
986 784 1062 825 τὸν
1094 783 1199 839 ὅρον
1225 792 1312 827 τῶν
1331 762 1481 846 vani}

147 851 236 885 κῶν
264 844 359 896 [def.
378 843 430 899 I].
1458 851 1485 919 ξ

206 908 272 949 22.
316 908 701 963 Μετακινηθέντος
739 925 778 964 p.
811 909 951 967 1024]
992 919 1082 961 πῶς
1114 915 1476 968 μετακινηθείσηςζ

148 978 222 1026 τῆς
248 973 454 1024 διόπτρας
478 971 549 1014 καὶ
573 979 652 1015 τοῦ
678 975 888 1031 ζῳδιακοῦ
909 974 1172 1030 ὁραθήσεται
1191 975 1214 1018 ὁ
1233 976 1375 1032 Λέων;
1399 973 1483 1087 aaz}

147 1036 233 1090 μὴν
258 1033 404 1090 ἀφ’ἧς
428 1038 703 1093 περιφερείας
728 1036 950 1081 ἀνατέλλει
976 1039 998 1082 ὁ
1019 1041 1250 1095 Καρκίνος,
1275 1039 1433 1084 ἀπ’έκε
1470 1060 1482 1089 j

78 1111 120 1142 15
146 1115 223 1154 νης
247 1098 320 1142 καὶ
346 1100 368 1142 ὁ
394 1099 520 1142 Λέων
544 1100 786 1156 ἀνατέλλει,
817 1104 926 1145 ὥστε
957 1103 1010 1145 οὐ
1033 1106 1420 1160 μετακινηθήσεται
1480 1126 1489 1154 -;

146 1164 330 1218 διόπτρα
361 1165 434 1206 διὰ
464 1165 512 1207 τὸ
544 1165 627 1207 ἀπὸ
652 1172 727 1220 τῆς
751 1173 830 1208 τοῦ
856 1169 1078 1223 Καρκίνου
1105 1168 1237 1223 ἀρχῆς
1261 1169 1459 1225 ἀνατολῆ“

148 1227 398 1271 ἀνατέλλειν
423 1230 493 1271 καὶ
518 1230 596 1271 τὸν
615 1230 793 1273 Λέοντα.
827 1230 970 1274 ἰστέον
989 1228 1084 1285 οὖν,
1111 1232 1175 1274 ὅτι
1196 1232 1382 1288 ἀνατολὴ
1402 1233 1462 1276 ἐν’
1476 1259 1484 1290 g

149 1297 294 1334 ταῦθα
319 1293 371 1335 οὐ
397 1294 477 1347 τὴν
497 1294 603 1348 ὅλην
621 1294 757 1349 ἀρχὴν
775 1300 853 1336 τοῦ
873 1296 1028 1352 ζῳδιόυ
1049 1296 1157 1351 ὑπὲρ
1176 1297 1255 1338 τὸν
1273 1296 1442 1352 ὁρίζοντ
1475 1318 1488 1345 2·-

147 1355 260 1409 λέγει
285 1356 518 1411 ἀνάβασιν,
551 1357 658 1401 ἀλλὰ
689 1360 769 1413 τὴν
799 1365 873 1413 τῆς
904 1359 1035 1414 ἀρχῆς
1059 1360 1132 1402 καὶ
1157 1362 1296 1415 μόνην
1321 1362 1455 1404 αὐτοῦ
1482 1371 1488 1415 ᾗ

76 1431 119 1462 20
147 1419 294 1474 ἐπειδὴ
326 1420 351 1474 ἡ
384 1422 509 1471 δύσις
541 1422 593 1464 οὐ
624 1423 704 1475 τὴν
735 1423 841 1478 ὅλην
878 1423 962 1466 ὑπὸ
999 1423 1197 1479 ὁρίζοντα
1234 1425 1456 1479 κατάβασι

144 1490 222 1525 τοῦ
236 1483 438 1538 Λέοντος,
457 1484 566 1528 ἀλλὰ
584 1492 662 1529 τοῦ
682 1486 1012 1540 προηγουμένου
1033 1491 1212 1542 σημείου
1231 1490 1310 1544 τὴν
1329 1490 1457 1532 δύσιν
1477 1510 1490 1548 ›{

146 1546 233 1589 ἐπεὶ
261 1549 427 1602 τοίνυν,
453 1548 535 1591 κᾶν
559 1549 642 1592 ἀπὸ
668 1557 743 1605 τῆς
767 1550 897 1605 αὐτῆς
915 1554 1190 1606 περιφερείας
1208 1559 1286 1595 τοῦ
1306 1553 1459 1608 ὁρίζονΔ
1478 1590 1479 1594 ,

143 1627 215 1661 τος
235 1613 286 1653 τὰ
304 1610 434 1670 ζῴδια
453 1614 532 1668 τὴν
551 1613 765 1668 ἀνάβασιν
783 1621 1006 1670 ποιῶνται,
1026 1615 1048 1658 ὁ
1070 1618 1286 1671 Καρκίνος
1305 1618 1441 1672 δηλαδ

144 1674 215 1718 καὶ
248 1676 271 1719 ὁ
296 1676 421 1719 Λέων
459 1677 541 1719 ἀπὸ
578 1679 711 1721 ἄλλου
745 1677 816 1720 καὶ
851 1679 986 1721 ἄλλου
1021 1682 1198 1734 σημείου
1232 1681 1307 1730 τὰς
1338 1680 1444 1736 ἀρχὰ
1467 1695 1494 1733 g*

75 1751 118 1781 25
144 1745 219 1793 τῆς
239 1740 451 1796 ἀνατολῆς
468 1747 709 1783 ποιοῦνται.
735 1744 845 1784 ἔνθα
863 1742 943 1795 μὲν
963 1744 1044 1798 γὰρ
1065 1744 1090 1798 ἡ
1110 1743 1217 1799 ἀρχὴ
1236 1749 1314 1787 τοῦ
1333 1737 1486 1787 Aion-’3²'

143 1819 217 1853 τος
240 1804 418 1858 πρώτως
443 1804 683 1859 ἀνατέλλει,
715 1805 884 1848 ἐκεῖθεν
914 1807 962 1848 τὸ
993 1807 1114 1857 τέλος
1139 1814 1217 1850 τοῦ
1244 1810 1414 1863 Καρκίν
1456 1864 1461 1866 .
1483 1824 1494 1827 ·’

144 1868 368 1923 φαίνεται·
412 1870 524 1911 ἔνθα
549 1869 598 1911 δὲ
621 1870 754 1912 πάλιν
778 1870 826 1912 τὸ
851 1876 929 1912 τοῦ
954 1870 1144 1921 Λέοντος
1168 1871 1286 1922 τέλος
1311 1785 1492 1938 ἀναφῗεῇ>

143 1933 331 1986 ρόμενον
356 1933 596 1987 δείκνυται,
628 1932 798 1976 ἐκεῖθεν
823 1935 954 1976 πάλιν
977 1933 1156 1990 πρώτως
1181 1934 1207 1989 ἡ
1232 1936 1340 1991 ἀρχὴ
1365 1936 1482 1990 ἀνα-λζ

142 1995 281 2037 τέλλει
312 2002 390 2038 τοῦ
416 1998 641 2052 Καρκίνου
672 1999 839 2055 ζῳδίου.
881 1999 953 2040 διὰ
982 2004 1111 2041 τοῦτο
1141 1994 1488 2053 μετακινεῑσθαὲῖ

74 2071 118 2102 3ο
144 2058 256 2113 λέγει
283 2059 305 2101 ὁ
331 2059 572 2114 Εὐκλείδης
596 2062 676 2115 τὴν
701 2063 912 2116 διόπτραν
935 2062 1006 2105 καὶ
1027 2062 1067 2113 ἐξ
1087 2063 1221 2105 ἄλλου
1241 2064 1311 2106 καὶ
1331 2040 1494 2128 dilston}

205 2154 259 2186 21.
287 2150 417 2187 V’OB.
468 2155 524 2187 22.
550 2151 630 2187 V¹1.

205 2242 236 2273 6.
263 2240 361 2284 nov-J
386 2238 426 2274 in
452 2239 483 2274 V
506 2239 582 2285 legi
606 2251 679 2275 non
702 2242 832 2285 pobesss.
908 2245 961 2277 17.
986 2242 1073 2278 Post
1095 2242 1236 2279 Λέοντα
1261 2253 1375 2289 comp.
1401 2254 1423 2280 ο

149 2295 293 2320 scutum
313 2287 350 2320 et
370 2285 499 2321 deinde
524 2286 592 2322 lac.
608 2290 698 2322 2—8
718 2286 787 2322 litt.
802 2288 843 2323 V.
929 2291 983 2323 23.
1009 2288 1226 2336 Kaoulvor]
1245 2302 1305 2325 κο·
1323 2289 1402 2335 (aio)
1419 2288 1453 2325 V
1482 2294 1494 2319 2-
