1494 2450
557 71 898 108 PHAENOMENA
1350 70 1405 112 25

697 239 774 282 ΙΙΙ.

121 331 412 388 Unaquaeque
444 331 663 372 stellarum
691 329 990 384 inerrantium,
1023 343 1130 384 quae
1157 331 1199 371 et
1226 331 1345 371 ortus
1373 332 1416 371 et

64 391 233 442 occasus
264 395 445 451 faciunt,
477 395 521 437 in
553 394 705 437 iisdem
736 395 906 451 punctis
939 394 1177 438 horizontis
1210 397 1252 437 et
1280 395 1416 437 oritur

64 467 106 507 et
131 462 297 506 occidit.

122 529 179 572 sit
204 528 249 570 in
275 526 433 570 mundo
459 526 639 569 horizon
665 530 708 569 A
717 529 811 582 BP,
838 529 881 569 et
906 527 1119 569 maximus
1147 523 1418 581 circulorum,

64 595 137 651 qui
169 608 334 649 semper
365 591 585 648 conspicui
617 594 737 647 sunt,
770 592 827 635 sit
854 595 1004 647 ΑΔΕ,
1035 592 1248 633 maximus
1275 594 1417 633 autem

65 675 220 715 eorum,
246 658 321 715 qui
347 672 515 713 semper
541 657 697 700 occulti
718 660 829 714 sunt,
857 660 992 713 BHZ,
1018 659 1062 700 et
1081 659 1276 700 sumatur
1295 658 1419 699 stella

635 726 673 765 Θ
697 738 749 765 ex
774 723 846 778 iis,
879 737 986 778 quae
1019 725 1137 765 ortus
1170 725 1212 766 et
1245 737 1419 765 occasus

630 788 807 844 faciunt,
839 792 881 831 et
908 789 995 830 sint
1019 790 1163 844 partes
1191 787 1420 830 orientales

632 856 678 909 F,
717 854 1000 896 occidentales
1036 856 1178 895 autem
1215 856 1273 909 K3
1312 853 1420 908 dico,

629 922 834 976 punctum
866 923 904 962 Θ
935 920 980 961 in
1013 919 1217 975 sphaerae
1249 933 1421 962 conver-

633 985 752 1028 sione
772 1000 940 1041 semper
960 985 1005 1027 in
1019 985 1169 1027 iisdem
1185 984 1421 1027 horizontis

633 1050 805 1106 punctis
832 1053 874 1093 et
901 1051 1004 1093 oriri
1031 1052 1074 1092 et
1099 1050 1301 1093 occidere.

692 1117 748 1158 sit
763 1116 961 1171 circulus,
981 1131 1058 1172 per
1072 1131 1199 1171 quem
1213 1119 1421 1172 punctum

637 1186 675 1224 Θ
699 1182 847 1237 fertur,
873 1184 920 1224 K
927 1183 1020 1224 ΘΓ.
1065 1182 1212 1237 itaque
1239 1181 1423 1225 circulus

634 1250 678 1289 Κ
687 1250 776 1290 ΘΓ
813 1247 1083 1290 horizontem
1105 1256 1108 1259 ’
1128 1249 1242 1289 secat
1285 1250 1327 1290 et
1370 1248 1424 1290 ad

635 1327 757 1355 axem
809 1313 1014 1368 sphaerae
1061 1313 1425 1369 perpendicularis

637 1381 700 1420 est
727 1377 946 1435 (Autolyc.
974 1379 1025 1421 de
1051 1378 1144 1435 sph.
1168 1378 1224 1435 1).
1276 1379 1425 1422 circuli

636 1447 791 1500 autem,
819 1444 893 1500 qui
920 1445 972 1487 ad
998 1459 1120 1487 axem
1147 1445 1426 1500 perpendicu-

635 1511 746 1552 lares
781 1513 881 1552 sunt
906 1513 948 1552 et
974 1509 1243 1553 horizontem
1269 1513 1426 1566 secant,

641 1578 683 1618 et
709 1577 831 1618 ortus
857 1578 900 1618 et
920 1590 1094 1619 occasus
1114 1576 1160 1618 in
1178 1575 1330 1619 iisdem
1350 1576 1427 1618 ho-

641 1641 818 1684 rizontis
853 1641 1026 1696 punctis
1060 1641 1226 1684 faciunt
1263 1639 1340 1698 (ib.
1369 1640 1426 1698 7).

74 1708 217 1763 itaque
249 1707 433 1750 circulus
459 1709 503 1749 K
512 1709 600 1749 ΘΓ
624 1722 792 1762 semper
822 1706 868 1748 in
898 1709 1058 1762 puncto
1087 1709 1128 1748 Γ
1154 1707 1291 1749 oritur
1316 1710 1358 1748 et
1383 1707 1428 1749 in

76 1775 120 1816 K
143 1773 310 1817 occidit.
361 1775 404 1815 et
434 1773 571 1815 fertur
603 1774 726 1814 stella
756 1775 793 1814 Θ
828 1772 874 1813 in
904 1772 1068 1814 ambitu
1101 1772 1251 1815 circuli
1282 1774 1428 1815 ΚΘΓ.

76 1853 176 1896 ergo
209 1840 332 1881 stella
361 1841 399 1881 Θ
432 1852 600 1893 semper
630 1838 674 1879 in
706 1840 868 1893 puncto
896 1840 938 1880 Γ
967 1838 1104 1880 oritur
1137 1840 1179 1880 et
1211 1838 1255 1880 in
1282 1840 1327 1879 K
1359 1852 1429 1880 oc-

78 1903 191 1947 cidit.

715 2010 788 2053 IV.

138 2088 438 2149 Quaecumque
472 2095 620 2136 stellae
653 2094 697 2136 in
729 2094 895 2136 ambitu
930 2094 1079 2137 circuli
1111 2094 1288 2137 maximi
1320 2097 1431 2148 sunt,

80 2159 154 2214 qui
184 2159 420 2201 maximum
452 2158 721 2214 circulorum,
760 2159 834 2215 qui
869 2174 1037 2215 semper
1067 2159 1288 2215 conspicui
1321 2162 1431 2214 sunt,

79 2237 217 2279 neque
236 2225 350 2266 secat
368 2238 507 2280 neque
526 2224 751 2281 contingit,
777 2240 934 2280 earum,
955 2239 1062 2280 quae
1081 2225 1203 2280 prius
1223 2225 1431 2278 oriuntur,

82 2289 209 2331 etiam
235 2289 353 2344 prius
380 2288 593 2347 occidunt,
619 2292 662 2334 et
688 2304 796 2347 quae
820 2290 941 2346 prius
967 2290 1178 2348 occidunt,
1202 2289 1323 2347 prius
1350 2289 1430 2332 ori-

81 2356 220 2398 untur.
