1494 2450
571 88 910 124 PHAENOMENA
1365 89 1390 130 3
1397 89 1419 130 7

126 200 212 242 sint
236 202 380 255 partes
407 199 636 241 orientales
664 203 719 254 A,
741 201 787 252 Γ,
814 197 1100 241 occidentales
1127 200 1270 239 autem
1298 200 1353 252 Α,
1374 200 1422 239 Β.

67 265 285 308 zodiacum
313 265 446 321 igitur
470 264 676 307 circulum
703 266 797 306 toto
824 263 919 306 loco
940 263 1190 317 horizon‘cis‚
1216 262 1290 318 qui
1311 262 1422 305 inter

66 331 254 386 tropicos
285 331 354 386 sit,
385 333 427 372 et
459 330 562 372 oriri
595 332 638 372 et
670 329 873 383 occidere,
906 329 1180 370 manifestum
1210 331 1286 383 est,
1319 343 1421 383 quo-

66 396 181 438 niam
206 396 388 439 maiores
415 397 598 439 circulos
625 395 765 452 tangil}
791 410 919 451 quam
942 409 1049 450 quos
1075 393 1254 436 horizon
1280 395 1423 450 'nangit

67 460 283 519 (Autolye.
310 462 361 504 de
388 462 479 517 sph.
503 460 589 518 11).

125 527 232 585 dico,
258 527 439 570 eundem
466 528 767 570 conversiones
793 527 929 569 facere
957 526 999 568 in
1022 525 1258 568 conbrarias
1279 527 1422 580 partes

0 588 2 625 ἵ
67 607 111 635 se
136 598 389 635 moventem.

664 661 820 707 θερινός

526 1709 731 1758 χειμερινὸς
778 1709 957 1756 τροπικός

125 1841 347 1881 suman‘our
380 1838 493 1881 enim
527 1839 724 1894 aequales
751 1842 793 1882 ei}
819 1839 1010 1895 oppositi
1037 1854 1160 1882 arcus
1186 1844 1292 1892 ΔΕ,
1324 1844 1422 1895 ΖΒ,

67 1906 110 1945 et
135 1903 430 1947 describantur
455 1904 603 1948 circuli
630 1905 836 1960 paralleli,
869 1919 945 1961 per
971 1920 1078 1960 quos
1104 1909 1265 1961 puncta
1291 1910 1346 1960 E,
1377 1910 1423 1961 Z,

66 1969 459 2028 ferunturkHEU,
487 1973 533 2012 K
540 1973 628 2012 ZA.
681 1972 883 2026 quoniam
917 1986 1040 2014 arcus
1066 1975 1160 2014 AE
1188 1973 1305 2014 arcui
1341 1975 1421 2014 ZB

67 2034 256 2090 aequalis
281 2038 358 2091 esi,
384 2036 622 2078 communis
650 2036 861 2078 adiciatur
880 2051 1002 2079 arcus
1023 2040 1117 2079 ΕΒ.
1150 2040 1268 2080 totus
1289 2038 1423 2094 igitur

67 2114 189 2143 arcus
221 2104 354 2143 ΔΕΒ
393 2101 475 2144 toti
514 2101 630 2144 arcui
663 2105 794 2144 EBZ
832 2102 1021 2158 aequalis
1060 2106 1135 2145 est.
1187 2103 1260 2145 sed
1287 2107 1421 2146 AER

67 2165 356 2209 semicirculus
393 2170 475 2223 est3
514 2182 644 2223 quare
682 2168 811 2210 etiam
845 2171 974 2210 EBZ
1012 2168 1307 2212 semicirculus
1340 2171 1422 2219 θεὴ

67 2230 210 2287 itaque
234 2235 394 2288 puncta
419 2236 471 2288 E,
500 2237 535 2275 Z
564 2234 684 2275 iuxssa
717 2234 969 2276 diametrum
999 2235 1198 2290 opposita
1224 2237 1334 2276 sunt.
1380 2237 1422 2276 et

69 2297 270 2351 quoniam
307 2312 429 2341 arcus
467 2302 549 2341 EA
587 2299 705 2340 arcui
743 2302 851 2341 AM
888 2300 1079 2354 aequalis
1118 2303 1183 2342 est
1220 2303 1262 2342 ei:
1299 2314 1422 2342 arcus

74 2363 152 2405 ZB
195 2363 311 2406 arcui
356 2367 452 2407 BN
491 2363 721 2421 (Theodos.
747 2363 805 2416 ΙΙ,
842 2363 935 2422 13),
980 2380 1100 2408 arcus
1147 2368 1237 2408 AE
1278 2367 1421 2408 autem
