1494 2450
241 407 296 447 El
327 405 483 460 ἡσυχία
515 409 580 458 εἴη
611 405 682 446 καὶ
714 404 933 459 ἀκινησία,
965 406 1103 459 σιωπὴ
1133 404 1189 447 ἂν
1219 405 1301 460 εἴη·
1344 411 1494 461 σιωπῆς

183 467 231 510 δὲ
264 469 397 523 οὔσης
427 467 499 510 καὶ
530 468 715 523 μηδενὸς
748 467 1009 522 κινουμένου
1041 468 1172 510 οὐδὲν
1203 467 1257 509 ἂν
1287 467 1494 511 ἀκούοιτο·

111 574 114 576 Α
183 534 221 574 εἰ
256 533 338 588 ἄρα
372 532 516 586 μέλλει
551 548 592 574 τι
628 531 997 586 ἀκουσθήσεσθαι,
1031 533 1200 587 πληγὴν
1232 531 1303 574 καὶ
1333 533 1494 586 κίνησιν

147 615 151 619 ’
183 599 393 652 πρότερον
413 598 482 638 δεῖ
499 596 716 651 γενέσθαι.
749 596 870 650 ὥστε,
896 595 1041 650 ἐπειδὴ
1066 597 1223 645 πάντες
1248 596 1289 637 οἱ
1314 597 1494 650 φθόγγοι

116 992 158 1022 10

116 1311 158 1342 15

116 1631 159 1662 20

117 1952 163 1982 26

183 662 380 714 γίνονται
411 664 576 715 πληγῆς
605 675 722 709 τινος
747 659 991 714 γινομένης,
1022 661 1191 714 πληγὴν
1215 657 1263 701 δὲ
1287 658 1494 714 ἀμήχανον

183 724 392 779 γενέσθαι
417 725 473 778 μὴ
500 723 597 779 οὐχὶ
622 725 830 777 κινήσεως
849 725 1062 779 πρότερον
1081 723 1328 778 γενομένης,
1347 747 1401 753 --
1419 730 1494 767 τῶν

184 786 231 830 δὲ
259 791 472 843 κινήσεων
497 788 546 829 αἰ
565 788 644 842 μὲν
668 789 931 842 πυκνότεραί
953 789 1077 842 εἰσιν,
1109 789 1157 829 αι’
1178 785 1225 829 δὲ
1251 787 1494 842 ἀραιότεραι,

183 853 253 894 καὶ
287 853 335 894 αἱ
364 850 444 907 μὲν
477 853 738 906 πυκνότεραι
774 851 1004 904 ὀξυτέρους
1033 858 1207 894 ποιοῦσι
1238 853 1339 902 τοὺς
1370 852 1494 907 φθόν

183 932 303 970 γους,
334 917 377 958 αἱ
410 916 458 958 δὲ
489 915 736 971 ἀραιότεραι
762 914 1041 970 βαρυτέρους,
1068 940 1121 944 -
1148 915 1383 969 ἀναγκαῖον
1405 916 1494 966 τοὺς

184 980 264 1033 μὲν
289 979 521 1035 ὀξυτέρους
546 975 671 1033 εἶναι,
703 978 874 1033 ἐπείπερ
900 978 946 1021 ἐκ
971 979 1248 1031 πυκνοτέρων
1272 979 1343 1021 καὶ
1366 979 1494 1023 πλειό·

183 1060 274 1086 νων
300 1044 548 1098 σύγκεινται
573 1045 799 1097 κινήσεων,
829 1045 932 1092 τοὺς
958 1043 1006 1085 δὲ
1031 1043 1308 1098 βαρυτέρους,
1335 1042 1494 1098 ἐπείπερ

185 1107 226 1158 ἐξ
247 1108 515 1163 ἀραιοτέρων
532 1108 602 1150 καὶ
623 1106 871 1150 ἐλασσόνων
891 1107 1139 1161 σύγκεινται
1152 1109 1374 1162 κινήσεων.
1399 1108 1494 1150 ὥστε

183 1174 287 1221 τοὺς
317 1170 398 1227 μὲν
429 1171 659 1227 ὀξυτέρους
688 1177 766 1213 τοῦ
799 1170 974 1220 δέοντος
1004 1170 1257 1226 ἀνιεμένους
1281 1169 1494 1227 ἀφαιρέσει

184 1238 394 1290 κινήσεως
429 1235 661 1290 τυγχάνειν
698 1241 775 1277 τοῦ
808 1234 997 1285 δέοντος,
1033 1236 1134 1284 τοὺς
1165 1233 1212 1277 δὲ
1242 1233 1494 1290 βαρυτέρους

186 1299 533 1354 ἐπιτεινομένους
557 1298 792 1355 προσθέσει
817 1300 1025 1353 κινήσεως
1043 1299 1274 1352 τυγχάνειν
1291 1303 1369 1340 τοῦ
1388 1297 1494 1341 δέον

183 1379 267 1413 τος.
310 1365 460 1418 διόπερ
493 1363 539 1405 ἐκ
568 1364 734 1418 μορίων
763 1364 865 1412 τοὺς
890 1364 1120 1417 φθόγγους
1145 1366 1401 1417 συγκεῖσθαι
1426 1376 1494 1417 W

184 1427 298 1479 τέον,
333 1427 479 1482 ἐπειδὴ
513 1426 748 1482 προσθέσει
779 1425 849 1468 καὶ
882 1425 1106 1481 ἀφαιρέσει
1136 1426 1400 1480 τυγχάνουσι
1428 1428 1494 1472 voi

185 1491 373 1541 δέοντος.
415 1492 556 1533 πάντα
590 1489 638 1533 δὲ
673 1491 724 1532 τὰ
756 1490 801 1532 ἐκ
832 1491 998 1545 μορίων
1029 1490 1286 1543 συγκείμενα
1317 1489 1494 1544 ἀριθμοῆ

186 1557 299 1613 λόγῳ
337 1554 504 1610 λέγεται
541 1556 648 1609 πρὸς
685 1556 860 1608 ἄλληλα,
898 1554 1005 1595 ὥστε
1043 1554 1113 1595 καὶ
1149 1555 1251 1603 τοὺς
1286 1545 1494 1608 φθόγγου(4

186 1619 424 1674 ἀναγκαῖον
461 1619 508 1662 ἐν
539 1619 732 1674 ἀριθμοῦ
765 1620 876 1675 λόγῳ
910 1618 1113 1672 λέγεσθαι
1143 1618 1250 1670 πρὸς
1281 1617 1468 1670 ἀλλήλου

184 1691 271 1726 τῶν
297 1681 343 1725 δὲ
369 1683 571 1739 ἀριθμῶν
596 1684 637 1724 οἱ
662 1680 741 1736 μὲν
767 1682 814 1724 ἐν
834 1683 1141 1738 πολλαπλασίῳ
1163 1683 1276 1738 λόγῳ
1298 1679 1448 1734 λέγοντ

185 1749 231 1790 οἰ
265 1748 315 1790 δὲ
348 1746 396 1790 ἐν
431 1747 652 1804 ἑπιμορίῳ,
690 1748 731 1788 οἱ
766 1747 814 1788 δὲ
849 1745 895 1788 ἐν
931 1745 1132 1801 ἑπιμερεῑ,
1168 1746 1277 1787 ὥστε
1308 1744 1378 1786 καὶ
1407 1743 1485 1786 τοὺ

185 1813 416 1866 φθόγγους
447 1812 686 1866 ἀναγκαῖον
711 1810 758 1852 ἐν
782 1816 873 1859 τοῖς
897 1809 1111 1859 τοιούτοις
1135 1810 1280 1862 λόγοις
1304 1807 1463 1862 λέγεσθ

185 1877 292 1931 πρὸς
317 1875 540 1931 ἀλλήλους.
572 1876 739 1917 τούτων
764 1871 812 1915 δὲ
837 1875 883 1915 οἱ
901 1871 981 1928 μὲν
998 1872 1311 1915 πολλαπλάσιοι
1330 1869 1439 1914 καὶέ

188 1942 332 1995 μόριοι
360 1939 424 1982 ἑνὶ
449 1940 627 1994 ὀνόματι
653 1938 852 1992 λέγονται
875 1938 983 1991 πρὸς
1006 1936 1231 1990 ἀλλήλους.

250 2004 527 2058 Γινώσκομεν
558 2001 606 2044 δὲ
637 2001 709 2045 καὶ
741 2009 829 2043 τῶν
860 2002 1072 2054 φθόγγων
1101 2000 1205 2048 τοὺς
1227 1996 1307 2052 μὲν
1332 2010 1452 2053 συμφ

186 2084 292 2118 νους
305 2069 447 2122 ὄντας,
465 2069 567 2117 τοὺς
588 2067 635 2108 δὲ
655 2067 919 2121 διαφώνους,
937 2063 1008 2106 καὶ
1027 2065 1130 2113 τοὺς
1147 2060 1227 2117 μὲν
1246 2063 1431 2117 συμφών

186 2135 290 2186 μιάν
321 2138 476 2187 κρᾶσιν
507 2132 586 2186 τὴν
611 2129 653 2180 ἐξ
680 2130 845 2185 ἀμφοῖν
869 2134 1115 2181 ποιοῦντας,
1148 2128 1250 2176 τοὺς
1274 2123 1321 2168 δὲ
1346 2126 1452 2179 διαφ

187 2213 291 2246 νους
316 2196 378 2238 οὔ.
416 2195 585 2237 τούτων
609 2194 746 2243 οὕτως
770 2191 959 2247 ἐχόντων
984 2191 1097 2240 εἰκὸς
1120 2192 1223 2239 τοὺς
1246 2190 1431 2244 συμφών
1475 2232 1478 2234 ,

249 2286 450 2322 Εὐκλείδου
474 2285 659 2330 κατατομὴ
685 2283 842 2324 κανόνος
865 2283 914 2325 Μ,
940 2295 986 2318 m.
1012 2286 1032 2317 2
1058 2282 1116 2316 W.
