1494 2450
116 69 171 109 56
620 69 927 103 ΦΑΙΝΟΜΕΝΑ
1468 0 1494 123 Ξ

1473 125 1485 160 3

117 177 142 230 ἡ
169 175 276 229 αὐτὴ
297 175 488 230 διαφορά
507 173 597 217 ἐστι
617 182 703 217 τῶν
723 175 905 229 χρόνων,
930 174 979 217 ἐν
998 169 1063 225 οἷς
1081 176 1132 217 τὰ
1150 177 1294 228 ΑΔΓ,
1314 179 1355 217 A
1366 165 1485 217 ΓΕ
1472 188 1484 216 '2

117 240 348 294 ἡμικύκλια
374 238 594 281 ἀνατέλλει
619 237 689 280 καὶ
716 237 764 281 ἐν
789 233 854 288 οἷς
879 239 923 280 αἱ
943 242 1048 292 ΑΔ,
1075 241 1151 280 ΓΕ
1173 238 1485 322 περιφέρειαι
1475 249 1485 271 1

119 303 443 346 ἀνατέλλουσιν.

179 366 270 410 ἐπεὶ
296 368 377 422 γὰρ
403 367 455 408 τὰ
482 368 624 418 ΑΔΓ,
650 370 692 408 A
702 369 778 408 ΓΕ
806 367 1038 421 ἡμικύκλια
1070 366 1117 408 ἐν
1148 366 1316 416 ἀνίσοις
1347 369 1443 422 χρό-

124 448 215 482 νοις
247 430 482 484 ἀνατέλλει,
513 431 659 480 κοινὸς
690 430 932 509 ἀφῃρήσθω
965 429 987 472 ὁ
1019 437 1093 484 τῆς
1118 434 1161 473 Δ
1170 433 1211 472 Γ
1235 430 1482 486 ἀνατολῆς

122 497 294 550 χρόνος·
327 493 371 551 (ἡ
398 495 479 549 γὰρ
499 496 593 535 ΔΓ
610 493 863 550 περιφέρεια
889 493 1018 550 ἑαυτῃ
1045 493 1110 537 ἀεὶ
1135 493 1183 537 ἐν
1209 499 1287 552 ἴσῳ
1307 497 1444 552 χρόνῳ

122 557 381 615 ἀνατέλλει)·
408 556 591 601 λοιπαὶ’
575 558 658 612 ἀρα
677 559 721 600 αἱ
736 562 841 612 ΑΔ,
863 560 939 600 ΓΕ
956 557 1225 614 περιφέρειαι
1245 537 1292 601 έν
1311 559 1446 616 ἀνίσῳ

123 625 265 679 χρόνῳ
291 621 576 665 ἀνατέλλουσι
601 621 672 664 καὶ
699 623 747 664 αἱ
768 621 895 665 αὐταὶ
916 623 1128 678 διαφοραί
1143 623 1226 665 εἰσι
1245 630 1332 665 τῶν
1351 625 1448 679 χρό-

125 704 228 740 νων,
253 686 301 730 ἐν
327 681 392 736 οἷς
416 687 467 728 τά
491 702 534 728 τε
560 690 645 728 ΑΛ
657 688 703 740 Γ,
728 690 770 728 A
779 688 820 728 Γ
815 690 856 729 Ε
877 687 1108 741 ἡμικύκλια
1133 685 1353 729 ἀνατέλλει
1377 687 1448 730 καὶ

126 753 174 794 αἰ
208 752 468 794 ἀπεναντίον
504 750 774 806 περιφέρειαι
811 751 854 793 αἱ
881 754 985 804 ΑΔ,
1019 752 1108 793 ΓΕ.
1150 751 1282 793 πάλιν
1314 752 1367 806 δὴ
1398 752 1449 794 τὰ

125 819 210 858 ΑΛ
220 819 268 870 Γ,
288 820 330 857 A
338 819 415 858 ΓΕ
437 815 669 870 ἡμικύκλια
695 814 743 857 ἐν
769 815 846 872 ἴσῳ
872 815 1013 871 χρόνῳ
1034 814 1274 858 ἀνατέλλει·
1305 816 1450 865 κοινὸς

125 880 371 938 ἀφῃρήσθω
404 880 427 923 ὁ
458 886 533 934 τῆς
560 881 601 921 Γ
597 883 638 921 A
667 880 943 934 περιφερείας
973 880 1141 934 χρόνος·
1193 879 1338 922 λοιπαὶ
1369 880 1451 935 ἄρα

126 946 170 986 αἱ
196 947 301 998 ΑΔ,
330 946 411 986 ΓΕ
436 943 483 986 ἐν
510 948 587 1000 ἴσῳ
613 944 754 1000 χρόνῳ
781 942 1102 986 ἀνατέλλουσιν.

130 1125 259 1169 ΓΕΒ,
285 1124 401 1161 ΕΒΖ
432 1119 641 1172 ἡμικύκλια
672 1119 713 1160 ἕν
743 1119 892 1168 ἀνίσοις
922 1120 1074 1173 χρόνοις
1103 1118 1315 1160 ἀνατέλλει·
1346 1118 1454 1172 λέγω,

131 1181 187 1220 ὅτι
219 1179 284 1219 καὶ
309 1180 353 1219 αἵ
374 1182 412 1218 Γ
413 1183 463 1230 Ε,
488 1182 560 1218 ΒΖ
594 1177 831 1231 περιφέρειαι
866 1179 907 1218 ἕν
941 1178 1088 1227 ἀνίσοις
1118 1178 1269 1232 χρόνοις
1299 1177 1454 1219 ἀνατέλ-

132 1242 275 1278 λουσιν.

188 1295 269 1336 ἐπεὶ
300 1295 371 1349 γὰρ
403 1295 444 1335 τὸ
470 1299 578 1335 ΓΕΒ
609 1302 677 1335 τοῦ
703 1298 817 1335 ΕΒΖ
849 1294 890 1335 ἐν
920 1296 1067 1335 πλείονι
1097 1294 1220 1350 χρόνῳ
1251 1293 1455 1344 ἀνατέλλει,

131 1355 260 1402 κοινὸς
295 1353 518 1409 ἀφῃρήσθω
553 1352 573 1392 ὅ
607 1360 675 1406 τῆς
700 1356 775 1393 ΕΒ
808 1354 1050 1426 περιφερείας
1080 1352 1267 1404 ἀνατολῆς
1297 1353 1453 1406 χρόνος·

132 1411 156 1464 ἡ
189 1412 260 1466 γὰρ
292 1415 367 1452 ΕΒ
403 1409 626 1465 περιφέρεια
661 1411 776 1464 ἑαυτῇ
814 1411 871 1451 ἀεὶ
910 1411 951 1451 ἐν
989 1412 1057 1466 ἴσῳ
1088 1411 1211 1467 χρόνῳ
1242 1410 1453 1451 ἀνατέλλει·

133 1471 248 1522 λοιπὴ
286 1486 361 1523 αρα
392 1468 416 1521 ἡ
443 1474 512 1509 ΓΕ
543 1476 611 1522 τῆς
636 1473 707 1509 ΒΖ
742 1469 783 1509 ἐν
813 1470 963 1510 πλείονι
992 1470 1115 1525 χρόνῳ
1147 1468 1357 1521 ἀνατέλλει,
1393 1468 1458 1508 καὶ

134 1529 318 1581 φανερόν,
356 1529 413 1569 ὅτι
443 1529 486 1567 αἱ
513 1528 627 1568 αὐταὶ
658 1528 847 1582 διαφοραί
874 1528 946 1567 εἰσι
971 1534 1047 1567 ’τῶν
1071 1527 1231 1581 χρόνων,
1265 1526 1306 1567 ἕν
1330 1523 1390 1575 οἷς
1413 1527 1458 1566 τά

134 1603 171 1628 τε
198 1590 219 1625 Ι
227 1590 314 1638 ΕΒ,
340 1590 443 1626 ΕΒΖ
475 1584 683 1638 ἡμικύκλια
714 1585 907 1626 ἀνατέλλει
938 1585 1003 1626 καὶ
1034 1587 1078 1625 αἱ
1099 1585 1329 1626 ἀπεναντίον
1353 1600 1457 1637 περι-

136 1645 286 1699 φέρειαι
310 1646 354 1684 αἱ
377 1648 402 1683 1
405 1649 463 1690 Ε,
489 1648 572 1684 ΒΖ.
608 1644 779 1698 φανερὸν
804 1643 896 1695 δέ,
883 1645 952 1692 ότι,
977 1642 1050 1684 κᾶν
1075 1642 1283 1695 ἡμικύκλιά
1307 1659 1392 1683 τινα
1417 1642 1459 1682 ἐν

136 1706 233 1752 ἴσοις
258 1704 410 1756 χρόνοις
429 1702 625 1758 ἀνατέλλῃ,
651 1702 715 1743 καὶ
734 1704 777 1742 αἱ
793 1702 1024 1742 ἀπεναντίον
1044 1701 1281 1754 περιφέρειαι
1299 1701 1341 1741 ἕν
1361 1702 1457 1748 ἴσοις

137 1763 288 1815 χρόνοις
314 1761 594 1801 ἀνατέλλουσιν.

196 2001 228 2025 a.
271 1996 298 2025 1.
332 1994 364 2025 A
390 1990 496 2035 (alt.)]
522 2001 593 2034 mg.
620 1990 702 2024 add.
729 2002 776 2024 m.
803 1994 822 2024 2
848 1990 890 2025 V.
1034 1994 1064 2023 3.
1091 1987 1327 2025 ἀνατέλλουσι
1353 1988 1395 2031 V,
1419 1989 1462 2023 ut

139 2037 201 2072 lin.
224 2040 275 2072 13.
374 2040 404 2071 6.
431 2036 454 2080 ἡ
480 2057 522 2062 -
551 2040 580 2071 7.
608 2035 805 2081 ἀνατέλλει]
831 2036 914 2071 fort.
940 2035 1172 2080 interpolata.

198 2247 234 2283 b.
267 2251 299 2281 6.
326 2245 347 2290 ἡ
374 2267 417 2273 -
443 2245 639 2292 ἀνατέλλει]
666 2246 748 2282 fort.
775 2245 1009 2290 interpolata.
1103 2248 1136 2279 8.
1162 2244 1202 2280 αἱ
1226 2242 1347 2289 αὐταί]
1373 2254 1463 2280 corr.

141 2305 185 2329 ox
210 2293 319 2329 αὐταὶ
344 2293 383 2329 αἱ
407 2305 454 2328 m.
480 2297 500 2327 2
526 2293 608 2328 vat.
