1494 2450
577 52 605 86 F
607 50 882 87 RAGMENTA
1321 47 1408 88 253

17 150 56 209 ’ᾗ
111 165 166 207 τὰ
200 163 249 206 δὲ
279 164 472 206 πτωτικὰ
504 161 643 204 αὐτοῦ
675 160 837 216 ὁμοίως
867 166 960 209 τοῖς
990 155 1412 213 προγεγραμμένοις,

23 223 116 273 ῑῖὧν
142 229 264 271 ἐστιν
289 228 604 284 ἀναστρόφιον.

14 275 54 347 '3²2
113 303 183 349 ια’.
221 307 450 361 Τρίγωνον
474 306 524 347 τὸ
544 307 673 359 ΑΒΓ,
698 303 771 346 καὶ
790 309 842 358 τῇ
864 305 948 345 ΒΓ
966 302 1245 357 παράλληλος
1263 300 1291 355 ἡ
1311 302 1412 354 ΑΔ,

11 365 126 467 It§mcxl
151 373 388 426 διαχθεῖσα
411 370 439 426 ἡ
466 373 553 413 ΔΕ
575 376 628 426 τῇ
653 371 738 412 ΒΓ
755 367 1034 423 συμπιπτέτω
1060 367 1170 410 κατα
1195 367 1245 409 τὸ
1271 369 1314 408 Ε
1337 376 1412 420 ση-

19 444 201 500 igpslov·
234 437 302 479 ὅτι
327 436 464 490 ἐστίν,
489 436 549 486 ὡς
573 436 622 478 τὸ
650 435 737 478 ὑπὸ
763 437 861 489 ΔΕ,
885 436 975 476 ΖΗ
992 434 1102 489 πρὸς
1127 433 1176 475 τὸ
1203 432 1290 476 ὑπὸ
1317 433 1411 484 ΕΖ,

10 504 157 557 ·,ΠΙΔ
184 502 325 553 οὕτως
349 502 376 557 ἡ
403 505 479 545 ΓΒ
505 501 614 556 πρὸς
638 501 720 556 τὴν
746 503 840 542 ΒΕ.

12 533 39 634 ἐξ,
111 569 237 623 ἤχθω
271 569 345 611 διὰ
376 574 456 610 τοῦ
489 569 527 609 Γ
550 572 602 622 τῇ
627 569 720 609 ΔΕ
749 565 1029 621 παράλληλος
1059 564 1086 618 ἡ
1115 566 1218 618 ΓΘ,
1250 561 1323 605 καὶ
1349 560 1414 605 ἐκ·

45 635 290 688 βεβλήσθω
316 633 343 688 ἡ
370 635 458 675 ΑΒ
486 630 555 674 ἐπὶ
580 633 630 674 τὸ
660 635 707 674 Θ.

7 635 45 804 ἰ
114 697 207 742 ἐπεὶ
233 696 316 742 οὖν
341 698 476 753 ἐστιν,
503 699 561 748 ὡς
585 698 613 753 ἡ
641 700 723 740 ΓΑ
747 697 858 751 πρὸς
883 696 964 750 τὴν
990 698 1089 750 ΑΗ,
1122 694 1261 744 οὕτως
1286 693 1312 748 ἡ
1339 696 1415 735 ΓΘ

8 804 34 837 ξ

0 783 11 829 ζ

57 1802 84 1857 ἡ
111 1804 195 1844 EA
219 1803 329 1857 πρὸς
354 1802 436 1856 τὴν
461 1805 575 1855 ΛΗ,
603 1801 675 1844 καὶ
702 1803 760 1852 ὡς
786 1803 870 1857 ἄρα
895 1803 921 1857 ἡ
948 1806 1033 1845 ΕΛ
1058 1803 1169 1858 πρὸς
1193 1803 1275 1858 τὴν
1300 1804 1415 1855 ΔΗ,

58 1867 198 1917 οὕτως
224 1865 345 1909 ἐστὶν
368 1867 395 1922 ἡ
425 1870 502 1910 ΘΓ
521 1868 632 1921 πρὸς
657 1870 739 1922 τὴν
768 1870 871 1910 ΖΗ·
910 1869 959 1910 τὸ
986 1869 1072 1923 ἄρα
1095 1867 1183 1910 ὑπὸ
1208 1875 1298 1910 τῶν
1326 1869 1416 1921 ΓΘ,

26 1969 30 1971 -
59 1934 157 1974 ΛΗ
176 1935 276 1974 ἴσον
302 1931 422 1975 ἐστὶν
447 1938 504 1990 τῷ
530 1933 616 1974 ὑπὸ
643 1939 732 1975 τῶν
757 1935 855 1985 ΕΔ,
878 1935 972 1975 ΖΗ.
1006 1933 1114 1975 ἄλλο
1141 1932 1193 1975 δέ
1213 1948 1256 1976 τι
1280 1933 1417 1988 τυχὸν

58 1998 108 2040 τὸ
135 1997 220 2040 ὑπὸ
246 1993 351 2053 ΕΖ,
378 2001 490 2040 HA·
528 1995 650 2040 ἔστιν
676 1998 776 2053 ἄρα,
802 1998 861 2048 ὡς
885 1998 933 2040 τὸ
959 1997 1045 2040 ὑπὸ
1071 2001 1169 2052 ΔΕ,
1199 2000 1289 2040 ΖΗ
1306 1999 1417 2051 πρὸς

60 2128 176 2180 ΛΗ,
200 2129 306 2182 ΕΖ,
336 2127 566 2170 τουτέστιν
595 2128 622 2182 ἡ
651 2130 734 2170 ΓΘ
758 2129 868 2184 πρὸς
892 2131 998 2183 ΕΖ,
1028 2128 1260 2171 τουτέστιν
1283 2128 1310 2183 ἡ
1338 2130 1418 2171 ΓΒ

59 2192 170 2247 πρὸς
194 2194 289 2234 ΒΕ.
322 2190 445 2235 ἔστιν
470 2189 568 2247 οὖν,
594 2193 653 2243 ὡς
676 2193 726 2235 τὸ
750 2193 838 2235 ὑπὸ
865 2195 974 2247 ΔΕ,
1003 2195 1099 2235 ΖΗ
1122 2194 1231 2250 πρὸς
1255 2194 1305 2235 τὸ
1330 2193 1417 2236 ὑπὸ

0 2255 1 2260 ’
60 2259 164 2311 ΕΖ,
189 2259 299 2312 HA,
324 2257 464 2308 οὕτως
489 2258 515 2313 ἡ
542 2259 624 2300 ΓΒ
649 2259 759 2315 πρὸς
784 2261 879 2300 ΒΕ.

120 2322 174 2363 τὰ
198 2320 242 2364 δ’
269 2322 400 2377 αὐτοί,
430 2322 514 2365 κᾶν
546 2321 615 2365 ἐπὶ
641 2324 694 2365 τὰ
719 2322 845 2379 ἕτερα
870 2322 979 2378 μέρη
1006 2323 1123 2379 ἀχθῇ
1149 2324 1175 2378 ἡ
1201 2327 1289 2366 ΑΔ
1314 2339 1417 2380 παρ-

53 764 163 820 πρὸς
187 765 268 820 τὴν
296 767 400 819 ΖΗ,
426 765 484 815 ὡς
510 761 558 806 δὲ
583 764 610 818 ἡ
639 764 720 805 ΓΛ
744 764 855 817 πρὸς
879 762 962 815 τὴν
989 763 1099 815 ΑΗ,
1126 759 1265 809 οὕτως
1293 758 1414 802 ἐστὶν
1441 766 1485 797 10

58 2062 108 2104 τὸ
133 2062 220 2105 ὑπὸ
245 2065 361 2118 ΔΗ,
386 2066 492 2118 ΕΖ,
518 2063 659 2113 οὕτως
683 2063 733 2105 τὸ
759 2063 845 2105 ὑπὸ
874 2065 971 2117 ΓΘ,
997 2066 1102 2106 AH
1119 2064 1230 2119 πρὸς
1254 2063 1303 2105 τὸ
1329 2063 1416 2105 ὑπὸ
1445 2073 1488 2104 15
