1494 2450
173 86 255 128 176
558 86 838 120 KATATOMH
860 85 1110 119 ΚΛΝΟΝΟΣ

172 195 251 234 ΓΔ
272 192 484 247 διάστημα
502 193 629 242 τόνος
648 191 753 246 ἐστὶ,
777 192 826 233 τὸ
846 189 894 233 δὲ
914 194 1004 245 ΒΖ,
1027 191 1101 232 διὰ
1119 198 1270 233 πασῶν
1288 192 1354 244 ὄν,
1371 188 1487 239 &zat-

170 272 248 299 τον
273 256 316 307 ἓξ
341 258 494 299 τόνων.
542 257 595 298 τὰ
620 257 748 298 λοιπὰ
774 257 875 310 ἄρα,
900 256 949 297 τό
975 270 1020 296 τε
1046 256 1129 296 ΒΓ
1145 253 1217 296 καὶ
1242 254 1290 296 τὸ
1314 255 1394 296 ’ΔΖ
1420 258 1488 301 ἴση

171 321 278 362 ὄντα
315 320 520 363 ἐλάττονά
555 322 646 362 ἐστι
675 319 801 362 πέντε
833 321 985 361 τόνων.
1034 320 1142 360 ὥστε
1173 319 1222 360 τὸ
1254 317 1301 360 ἐν
1329 323 1388 375 τῷ
1418 316 1494 372 Βῖ·

170 383 350 427 ἔλαττον
375 385 455 427 δύο
482 386 624 426 τόνων
647 384 719 426 καὶ
744 383 983 438 ἡμιτονίου,
1009 382 1031 424 ὅ
1058 382 1148 424 ἐστι
1173 383 1244 424 διὰ
1263 377 1489 439 τεσσάρωρ,

125 462 144 492 5
171 449 218 490 τὸ
253 446 301 490 δὲ
326 452 407 490 ΒΔ
437 446 618 490 ἔλαττον
648 455 781 502 τριῶν
811 448 952 489 τόνων
982 445 1054 488 καὶ
1079 446 1320 500 ἡμιτονίου,
1356 445 1379 488 ὅ
1405 444 1490 489 ἐστι

171 514 244 554 διὰ
270 512 408 554 πέντε.

804 631 846 664 ις
860 650 868 658 .

224 698 269 740 Ὁ
292 701 419 749 τόνος
444 699 497 741 οὐ
523 700 846 755 διαιρεθήσεται
871 698 932 747 εἰς
957 697 1038 739 δύο
1064 701 1136 738 ἴσα
1155 697 1255 738 οὔτε
1275 697 1335 745 εἰς
1352 696 1491 739 πλείω.

230 763 403 818 ἐδείχθη
430 764 511 818 γὰρ
538 763 600 804 ὢν
625 761 861 818 ἐπιμόριος·
888 762 1115 816 ἐπιμορίου
1141 758 1189 802 δὲ
1212 761 1492 815 διαστήματος

104 825 146 865 10'
171 827 296 883 μέσοι
321 828 421 869 οὔτε
445 828 621 877 πλείους
647 827 746 868 οὔτε
771 820 831 876 εἷς
850 825 1067 879 ἀνάλογον
1085 823 1382 878 ἐμπίπτουσιν.
1413 822 1492 866 οὖσι

171 893 254 948 ἄρα
280 893 604 946 διαιρεθήσεται
629 890 652 933 ὁ
678 892 804 940 τόνος
830 891 891 940 εἰς
918 894 999 932 ἴσα.

561 1040 619 1094 ιζ’.

230 1127 294 1168 Αἱ
337 1131 578 1181 παρανῆται
627 1123 698 1167 καὶ
747 1125 790 1166 αἱ
840 1123 1006 1178 λιχανοὶ
1055 1113 1089 1151 Z

172 1191 474 1244 ληφθήσονται
493 1190 566 1231 διὰ
585 1189 840 1244 συμφωνίας
859 1187 1007 1236 οὕτως.
1151 1184 1192 1222 Δ

103 1265 146 1297 15
171 1252 279 1296 ἔστω
317 1255 398 1308 γὰρ
436 1253 541 1309 μέση
577 1253 599 1295 ὁ
635 1256 684 1295 Β.
740 1251 1006 1294 ἐπιτετάσθω
1072 1281 1073 1291 ,
1164 1238 1168 1301 ἶ

172 1320 245 1361 διὰ
264 1319 486 1372 τεσσάρων
510 1317 579 1360 ἐπὶ
598 1318 646 1360 τὸ
669 1319 717 1370 Γ,
736 1316 807 1358 καὶ
826 1315 909 1357 ἀπὸ
929 1321 1007 1356 τοῦ
1072 1342 1073 1367 ἦ
1164 1305 1167 1368 ξ

174 1385 215 1424 Γ
228 1382 420 1424 ἀνείσθω
447 1383 519 1424 διὰ
543 1381 671 1423 πέντε
698 1380 767 1422 ἐπὶ
786 1381 833 1422 τὸ
848 1383 900 1421 Δ.
938 1380 1008 1420 τό·

171 1463 248 1497 νος
273 1448 356 1500 ἄρα
381 1446 403 1488 ὁ
424 1449 517 1487 ΒΔ.
548 1446 681 1487 πάλιν
707 1445 754 1486 δὲ
779 1443 861 1486 ἀπὸ
882 1448 1009 1485 τοῦΔ

172 1512 244 1553 διὰ
268 1510 492 1566 τεσσάρων
514 1509 778 1552 ἑπιτετάσθω
799 1506 868 1550 ἐπὶ
887 1507 935 1548 τὸ
955 1509 1007 1559 Ε,

103 1585 146 1618 20
171 1575 242 1617 καὶ
261 1574 347 1617 ἀπὸ
366 1580 444 1616 τοῦ
458 1577 498 1616 Ε
515 1574 706 1616 ἀνείσθω
727 1571 796 1615 ἐπὶ
815 1572 864 1614 τὸ
881 1574 915 1612 Ζ
935 1571 1007 1612 διὰ

170 1639 308 1682 πέντε.
328 1641 455 1689 τόνος
469 1640 551 1694 ἄρα
565 1639 612 1680 τὸ
628 1640 718 1679 ΖΔ.
739 1637 910 1685 δίτονος
924 1636 1006 1690 ἄρα

171 1705 219 1746 τὸ
248 1706 339 1745 ZB.
377 1703 551 1757 λιχανὸς
577 1702 659 1757 ἄρα
683 1701 731 1742 τὸ
760 1703 805 1741 Ζ.
849 1699 1005 1752 ὁμοίως
1041 1677 1282 1770 πζόνὸέόνέδ
1346 1676 1397 1757 νιδ
1433 1732 1486 1769 μη

171 1767 227 1810 ἂν
255 1769 326 1811 καὶ
357 1768 402 1809 αἱ
425 1773 668 1822 παρανῆται
693 1765 1006 1820 ληφθήσονται.

804 1932 868 1970 ιη.

103 2013 146 2044 26
231 2002 290 2044 Al
320 2000 564 2057 παρυπάται
597 1999 668 2041 καὶ
699 1999 743 2040 αἱ
769 1998 908 2051 τρίται
935 1995 987 2038 οὐ
1013 1996 1232 2050 διαιροῦσι
1256 1993 1304 2035 τὸ
1329 1991 1494 2050 πυκνὸν

173 2068 233 2116 εἰς
259 2070 340 2108 ἴσα.
404 2090 407 2094 -
1486 2111 1488 2114 y

177 2133 1494 2155 Μ

232 2191 262 2222 1.
289 2187 449 2231 ἔλαττον]
476 2185 560 2221 add.
586 2185 683 2220 ἐστὶν
708 2183 763 2218 M⁴
789 2193 909 2226 supra.
987 2185 1018 2215 4.
1047 2178 1077 2225 ὅ]
1105 2178 1148 2214 ὄν
1171 2178 1238 2220 M⁴‚
1263 2177 1353 2212 item
1378 2175 1440 2210 lin.
1459 2176 1493 2217 ᾧ

219 2237 250 2268 8.
278 2233 354 2280 ἴσα]
379 2232 459 2276 Jam,
484 2231 585 2272 ἴσους
610 2230 713 2266 codd.
735 2229 793 2274 (cf.
813 2229 876 2263 lin.
897 2229 966 2272 26).
1031 2225 1158 2272 πλείω]
1183 2223 1326 2269 Porph.‚
1350 2220 1494 2261 πλείουΰ

173 2280 278 2315 codd.
351 2284 383 2314 9.
409 2279 476 2325 ὢν]
496 2278 562 2321 Μ4,
588 2277 632 2313 ὄν
651 2276 717 2311 Μ’.
792 2280 845 2310 10.
872 2273 989 2320 μέσοι]
1009 2273 1052 2316 Ν,
1078 2283 1147 2308 om.
1167 2271 1215 2305 M.
1290 2273 1342 2304 18.
1363 2268 1410 2314 Δ]
1429 2263 1494 2312 Μ’,

171 2327 344 2371 τέταρτον
368 2325 432 2360 Μῑ.
507 2329 561 2360 21.
591 2324 665 2371 ZA]
693 2322 759 2366 Μ’,
787 2325 814 2357 Ζ
838 2321 901 2356 M¹.
959 2319 1118 2364 δίτονος]
1144 2318 1210 2361 Μῦ,
1236 2315 1404 2355 διάτονος
1427 2310 1492 2348 Μῑ.
