1494 2450
530 62 873 99 PHAENOMENA
1323 65 1379 107 59

669 205 742 250 XI.

34 306 35 315 ¹
94 291 252 335 Circuli
283 291 444 334 zodiaci
477 306 652 334 arcuum
678 294 721 333 εὴ
745 291 988 347 aequalium
1015 294 1059 335 εὴ
1086 292 1383 348 oppositorum

32 373 119 415 quo
149 360 340 413 tempore
364 357 474 400 alter
499 357 647 412 oritur,
679 356 787 399 alter
811 357 980 412 occidit,
1011 361 1054 400 εὴ
1079 373 1164 413 quo
1192 360 1385 414 tempore

34 423 141 468 alter
165 422 333 478 occidit,
357 422 466 464 alter
490 423 639 465 oritur.

92 488 148 533 sifi
172 488 217 530 in
242 487 402 531 mundo
427 487 606 531 horizon
631 492 673 531 A
686 490 779 543 ΒΓ,
806 489 990 532 circulus
1016 492 1158 532 autem
1185 490 1384 533 zodiacus

34 554 287 611 positionem
311 553 467 596 habeat
487 556 668 608 ΑΕΓΔ,
694 556 738 597 et
763 555 821 597 sit
846 555 926 597 sub
951 558 1065 598 terra
1090 556 1385 600 semicirculus

36 623 120 664 ΑΔ
129 621 177 675 Γ,
208 621 252 661 εὴ
282 618 532 662 auferantur
556 634 679 662 arcus
705 622 748 663 εὴ
772 620 970 676 aequales
997 623 1040 663 εὴ
1066 621 1258 678 oppositi
1283 626 1385 677 AA,

743 688 838 742 ΓΕ;
864 686 972 739 dico,
998 701 1084 742 quo
1111 690 1303 743 tempore
1323 703 1386 731 ar-

741 766 816 794 cus
843 755 930 794 ΑΔ
955 753 1131 808 oriatur,
1164 768 1213 796 eo
1240 768 1385 797 arcum

742 819 827 860 ΓΕ
857 819 1068 874 occidere,
1100 821 1142 861 εὴ
1168 834 1254 875 quo
1280 822 1385 863 tem-

739 898 843 940 pore
864 886 943 926 ΓΕ
967 884 1141 940 oriatur,
1168 900 1218 928 eo
1239 900 1384 927 arcum

742 951 830 992 AA
856 949 1060 993 occidere.

799 1030 899 1058 nam
914 1016 1001 1058 sint
1015 1016 1165 1059 circuli
1179 1018 1386 1072 paralleli,

739 1096 815 1136 per
849 1095 957 1136 quos
989 1084 1149 1137 puncta
1173 1086 1227 1137 Ε,
1253 1086 1296 1125 A
1327 1083 1386 1125 fe-

739 1148 905 1202 runtur,
919 1149 1055 1202 ΕΘΒ,
1070 1150 1209 1191 ΚΔΛ.
1230 1150 1274 1191 et
1283 1163 1385 1203 quo-

740 1212 857 1254 niam
894 1227 967 1256 eae
999 1215 1166 1268 stellae,
1199 1229 1309 1269 quae
1341 1214 1387 1256 in

743 1277 905 1321 circulo
940 1277 1113 1321 zodiaco
1149 1279 1270 1321 iuxta
1302 1279 1387 1322 dia-

740 1345 926 1386 metrum
988 1344 1214 1400 oppositae
1274 1348 1386 1402 sunt,

741 1408 971 1466 coniugate
1014 1412 1058 1452 εὴ
1102 1411 1300 1453 oriunizur
1344 1413 1388 1453 εὴ

742 1473 942 1516 occidunt
962 1474 1101 1531 [prop.
1111 1474 1207 1531 V1],
1225 1479 1386 1531 puncto

558 1615 560 1617 ’
587 1608 766 1645 Recensio
791 1610 828 1646 b.

94 1674 148 1713 sit
172 1674 341 1714 circulus
366 1673 528 1714 horizon
555 1676 670 1713 ΑΒΔ
679 1677 722 1726 Γ,
749 1676 789 1713 εὴ
815 1675 991 1714 aestivus
1017 1677 1196 1727 tropicus
1223 1678 1276 1715 sit
1302 1680 1387 1727 ΑΓ,

35 1732 215 1773 hiemalis
240 1736 374 1774 autem
400 1736 471 1773 BA
479 1763 490 1785 ,
522 1734 704 1773 zodiacus
730 1736 865 1773 autem
890 1735 943 1772 sit
970 1737 1056 1787 ΓΒ,
1089 1738 1128 1774 εὴ
1154 1737 1388 1775 auferantur

35 1792 77 1832 in
109 1806 155 1832 eo
181 1795 367 1844 aequales
392 1796 433 1832 et
457 1794 635 1844 oppositi
659 1805 774 1832 arcus
799 1795 898 1844 ΓΕ,
925 1795 1015 1844 ΒΖ,
1052 1794 1152 1844 dico,
1184 1809 1262 1846 quo
1288 1798 1386 1835 tem·
1420 1844 1425 1847 μ

34 1864 129 1904 pore
150 1854 226 1892 ΓΕ
251 1854 415 1903 oriatur,
441 1866 575 1892 arcum
600 1854 673 1892 BZ
699 1852 886 1892 occidere.

93 1913 174 1951 sint
208 1913 347 1965 circuli
379 1911 582 1963 paralleli,
616 1925 687 1963 per
721 1925 820 1963 quos
854 1915 1004 1963 puncta
1038 1916 1094 1965 Ε,
1126 1917 1159 1954 Ζ
1194 1915 1386 1965 feruntur,

35 1971 140 2023 ΝΘ,
163 1973 253 2011 ΚΛ.
304 1974 345 2011 εὴ
375 1972 565 2022 quoniam
597 1984 666 2011 eae
698 1972 855 2022 stellae,
890 1985 994 2023 quae
1020 1974 1063 2012 in
1089 1974 1248 2014 zodiaco
1274 1975 1387 2014 iuxta

36 2029 272 2070 diametrum
292 2031 498 2082 oppositae
518 2033 622 2081 sunt,
649 2033 862 2083 coniugato
881 2034 921 2071 εὴ
941 2034 1124 2072 oriuntur
1143 2035 1183 2072 εὴ
1202 2034 1387 2074 occidunt

18 2085 164 2143 [prop.
178 2089 266 2142 VI],
291 2093 440 2142 puncsso
461 2094 499 2131 E
523 2092 675 2131 oriente
694 2093 727 2130 Z
754 2091 909 2130 occidit.
941 2093 1078 2143 itaque
1104 2106 1182 2144 quo
1208 2096 1386 2144 tempore

37 2151 75 2188 E
98 2149 148 2188 ab
168 2152 206 2188 E
230 2162 423 2201 exorsum,
448 2152 661 2201 posssquam
687 2164 825 2190 arcum
844 2151 921 2190 ΕΘ
938 2153 1148 2203 percurrit,
1173 2153 1224 2192 ad
1247 2154 1281 2193 Θ
1298 2167 1385 2204 per·

32 2226 36 2230 ’
93 2239 136 2274 In
158 2240 221 2285 fig.
247 2240 328 2276 cod.
354 2240 398 2283 V,
422 2242 576 2286 puncta,
600 2241 640 2276 in
665 2241 801 2286 quibus
827 2241 958 2277 circuli
984 2244 1050 2278 ΒΘ
1076 2245 1115 2278 el:
1138 2246 1210 2279 ΛΚ
1232 2244 1386 2279 zodiaco

36 2288 226 2331 necantur,
256 2286 394 2323 litteris
419 2292 463 2331 Δ,
489 2291 530 2324 Η
553 2290 591 2324 εὴ
618 2290 657 2332 Ζ,
684 2291 717 2324 Ε
740 2290 936 2333 notantur,
967 2290 1032 2325 sed
1059 2294 1093 2325 A
1118 2292 1157 2326 εὴ
1182 2294 1215 2327 Ε
1240 2291 1386 2326 deletae

33 2334 75 2374 ,εὴ
97 2333 196 2370 ἱῐιιὺο
220 2334 302 2370 loco
326 2335 474 2380 positae
499 2337 603 2379 sunm
628 2338 676 2379 H,
707 2339 734 2371 Z
758 2335 871 2381 plane
895 2336 1048 2372 inutiles
1074 2339 1172 2374 sunb.
