1494 2450
34 780 74 811 10

34 1103 74 1133 15

32 1424 76 1454 20

34 1747 78 1777 25

35 2069 78 2099 30

100 88 154 129 38
602 90 909 125 ΦΑΙΝΟΜΕΝΑ

102 198 186 248 ἴση,
211 193 282 236 καὶ
302 194 328 248 ἡ
349 199 390 236 Δ
398 198 453 236 Μ
467 195 549 250 ἄρα
568 201 618 250 τῇ
638 197 733 237 ΒΝ
747 194 865 237 ἐστιν
886 199 973 250 ἴση·
1004 197 1129 250 κοινὴ
1148 200 1421 251 προσκείσθω

99 258 125 312 ἡ
151 261 261 300 ΜΒ·
295 259 372 312 ὅλη
398 260 481 313 ἄρα
505 259 530 313 ἡ
550 262 695 301 ΔΜΒ
723 259 800 315 ὅλῃ
826 266 877 315 τῇ
898 263 1046 302 ΜΒΝ
1070 259 1190 303 ἐστιν
1213 261 1297 316 ἴση.
1328 263 1423 317 ἡμι-

99 323 281 365 κύκλιον
307 322 358 365 δέ
380 322 469 365 ἐστι
494 324 555 369 τὸ,
571 327 613 364 Δ
621 326 715 365 ΜΒ
723 337 732 346 ·
775 324 1033 378 ἡμικύκλιον
1058 325 1141 380 ἄρα
1165 324 1255 367 ἐστὶ
1279 325 1350 368 καὶ
1375 327 1422 369 τὸ

98 389 267 428 ΜΒΝ·
311 388 418 428 κατὰ
448 387 681 441 διάμετρον
712 388 794 443 ἄρα
825 386 915 430 ἐστὶ
945 389 993 430 τὸ
1018 391 1076 430 Μ
1101 396 1280 443 σημεῖον
1303 395 1361 447 τῷ
1380 393 1430 433 Ν

99 452 270 508 σημείῳ.
318 449 389 492 καὶ
415 449 507 493 ἐπεὶ
532 458 610 493 τοῦ
635 459 722 493 τῶν
749 453 913 508 ζῳδίων
937 453 1101 494 κύκλου
1125 454 1176 495 τὰ
1200 454 1308 495 κατὰ
1331 454 1423 496 διά-
1471 470 1481 508 ss

98 530 257 569 μετρον
293 516 397 557 ὄντα
435 523 588 570 σημεῖα
624 516 730 557 κατὰ
767 518 979 570 συζυγίαν
1015 516 1237 559 ἀνατέλλει
1273 533 1317 559 τε
1354 516 1424 560 καὶ

100 579 237 633 δύνει,
262 585 340 621 τοῦ
366 583 409 620 Δ
433 580 516 633 ἄρα
542 582 720 634 σημείου
747 579 1055 630 ἀνατέλλοντος
1080 582 1186 622 κατὰ
1211 578 1327 623 vb‘A
1353 593 1424 636 ση-
1471 596 1483 617 ·ὲ·

99 650 223 694 μεῖον
254 643 302 684 τὸ
332 643 439 684 κατὰ
471 643 704 697 διάμετρον
735 644 852 700 αὐτῷ
882 644 930 686 τὸ
956 647 992 686 Β
1025 645 1149 687 δύνει
1179 646 1286 687 κατὰ
1314 645 1362 687 τὸ
1388 649 1425 687 Β
1475 670 1484 685 a

100 713 279 761 σημεῖον
310 706 381 748 καὶ
407 713 485 749 τοῦ
509 710 551 749 Ε
575 707 884 757 ἀνατέλλοντος
908 709 1015 750 κατὰ
1040 710 1085 750 τὸ
1114 712 1151 750 Θ
1177 715 1355 764 σημεῖον
1379 710 1425 751 τὸ

99 771 206 812 κατὰ
244 771 477 825 διάμετρον
513 771 629 828 αὐτῷ
655 772 703 813 τὸ
739 774 774 812 Ζ
810 772 932 814 δύνει
963 773 1069 814 κατὰ
1099 773 1146 814 τὸ
1179 775 1222 814 Κ
1249 780 1427 827 σημεῖον
1475 767 1481 782 '³

99 835 170 876 καὶ
195 841 273 877 τοῦ
300 838 350 876 Ν
369 837 546 890 σημείου
573 835 883 885 ἀνατέλλοντος
907 836 1014 877 κατὰ
1037 836 1085 878 τὸ
1111 839 1152 878 Λ
1177 844 1355 892 σημεῖον
1378 839 1426 880 τὸ
1479 839 1481 841 ’

99 899 206 941 κατὰ
237 900 469 955 διάμετρον
500 900 616 957 αὐτῷ
646 900 695 942 τὸ
720 903 773 941 Μ
803 900 925 942 δύνει
957 901 1063 942 κατὰ
1092 902 1140 942 τὸ
1168 903 1218 942 Η
1236 908 1426 960 σημεῖον,

99 962 170 1005 καὶ
197 961 259 1005 ἔτι
284 969 363 1005 τοῦ
384 967 420 1004 Β
447 967 627 1017 σημείου
652 963 963 1014 ἀνατέλλοντος
988 965 1094 1006 κατὰ
1118 965 1165 1006 τὸ
1187 966 1229 1006 Γ
1248 972 1427 1019 σημεῖον

99 1029 148 1070 τὸ
174 1029 281 1070 κατὰ
307 1029 538 1084 διάμετρον
564 1028 680 1085 αὐτῷ
704 1030 752 1071 τὸ
772 1031 816 1070 Δ
840 1028 963 1070 δύνει
985 1030 1091 1071 κατὰ
1109 1029 1157 1071 τὸ
1180 1033 1219 1070 Α
1238 1036 1425 1083 σημεῖον.

101 1093 206 1134 ὅταν
243 1093 327 1148 ἄρα
364 1092 386 1135 ὁ
421 1101 509 1135 τῶν
546 1093 712 1150 ζῳδίων
748 1094 905 1142 κύκλος
938 1099 1032 1142 ταῖς
1062 1092 1290 1143 ἀνατολαῖς
1320 1094 1428 1148 πρὸς

99 1158 370 1213 μεσημβρίαν
392 1158 663 1211 μεθίστηται,
689 1163 781 1206 ταῖς
806 1157 957 1198 δύσεσι
982 1157 1090 1212 πρὸς
1114 1158 1298 1212 ἄρκτους
1321 1162 1426 1210 μεθ-

102 1222 329 1275 ιστάμενος
354 1223 567 1276 φαίνεται.
813 1216 822 1224 ’

161 1285 284 1340 λέγω,
311 1285 378 1327 ὅτι
397 1288 482 1340 καί,
509 1286 614 1327 ὅταν
633 1291 725 1335 ταῖς
744 1284 975 1335 ἀνατολαῖς
992 1285 1100 1340 πρὸς
1119 1285 1304 1339 ἄρκτους
1322 1290 1427 1341 μεθ-

102 1352 294 1404 ίστηται,
336 1356 429 1399 ταῖς
472 1350 623 1391 δύσεσι
661 1350 769 1405 πρὸς
805 1350 1076 1404 μεσημβρίαν
1113 1351 1427 1404 μεθιστάμενος

101 1416 313 1468 φαίνεται.

160 1477 463 1527 ἀνατείλαντος
500 1478 581 1532 γὰρ
621 1483 698 1519 τοῦ
724 1480 857 1519 ΔΕΒ
894 1478 1151 1532 ἡμικυκλίου
1185 1478 1207 1520 ὁ
1239 1485 1326 1519 τῶν
1358 1481 1428 1534 ζῳ-

102 1543 210 1584 δίων
246 1542 404 1591 κύκλος
440 1541 569 1583 θέσιν
603 1541 688 1592 ἕξει
718 1542 798 1595 τὴν
823 1541 962 1589 ΛΞΓ.
1011 1541 1081 1583 καὶ
1113 1541 1272 1596 ὁμοίως
1297 1541 1427 1592 δείξο-

101 1622 194 1661 μεν,
230 1606 296 1648 ὅτι
327 1607 434 1648 κατὰ
466 1606 697 1661 διάμετρόν
728 1604 818 1648 ἐστι
849 1606 896 1648 τὸ
926 1603 1007 1660 μὲν
1032 1605 1072 1652 Ξ
1098 1613 1276 1660 σημεῖον
1306 1610 1364 1662 τῷ
1391 1609 1428 1647 0

102 1673 281 1728 σημείῳ,
312 1671 360 1712 τὸ
392 1668 439 1712 δὲ
466 1673 504 1711 Ρ
528 1676 587 1727 τῷ
615 1673 669 1712 Π.
718 1669 789 1713 καὶ
821 1669 911 1712 ἐπεὶ
942 1675 1021 1712 τοῦ
1048 1672 1090 1711 Γ
1114 1671 1292 1724 σημείου
1325 1670 1427 1711 ἀνα-

104 1734 331 1784 τέλλοντος
361 1735 468 1776 κατὰ
492 1735 540 1776 τὸ
569 1736 609 1775 Γ
635 1740 812 1789 σημεῖον
842 1734 890 1776 τὸ
921 1735 1027 1776 κατὰ
1059 1733 1293 1789 διάμετρον
1317 1734 1432 1791 αὐτῷ

102 1800 149 1842 τὸ
177 1803 217 1840 A
242 1799 366 1841 δύνει
391 1799 497 1840 κατὰ
522 1799 570 1840 τὸ
598 1802 638 1840 Α
664 1805 855 1853 σημεῖον,
880 1804 957 1840 τοῦ
984 1796 1031 1840 δὲ
1058 1801 1096 1840 0
1120 1800 1301 1852 σημείου
1326 1798 1427 1840 ἀνα-

102 1863 329 1912 τέλλοντος
360 1863 467 1904 κατὰ
491 1863 539 1904 τὸ
565 1865 605 1904 Λ
636 1869 814 1917 σημεῖον
844 1862 892 1904 τὸ
923 1864 1029 1905 κατὰ
1056 1863 1287 1917 διάμετρον
1311 1863 1428 1919 αὐτῷ

102 1928 150 1970 τὸ
178 1928 215 1974 Ξ
237 1927 361 1968 δύνει
385 1927 491 1968 κατὰ
516 1927 564 1968 τὸ
591 1929 642 1968 Η
660 1934 851 1980 σημεῖον,
875 1932 953 1968 τοῦ
978 1926 1027 1968 δὲ
1052 1929 1102 1968 Π
1121 1929 1299 1980 σημείου
1325 1926 1428 1968 ἀνα-

102 1991 329 2040 τέλλοντος
359 1991 465 2032 κατὰ
497 1991 545 2032 τὸ
574 1994 611 2032 Θ
643 1997 821 2045 σημεῖον
851 1991 898 2032 τὸ
923 1991 1029 2032 κατὰ
1054 1991 1287 2045 διάμετρον
1312 1990 1427 2047 αὐτῷ

103 2057 151 2097 τὸ
179 2058 218 2096 Ρ
241 2055 365 2096 δύνει
396 2055 502 2096 κατὰ
533 2055 581 2096 τὸ
606 2057 651 2096 Κ
682 2060 859 2108 σημεῖον
889 2053 959 2096 καὶ
989 2052 1053 2096 ἔτι
1078 2060 1156 2096 τοῦ
1182 2058 1224 2096 A
1249 2057 1427 2109 σημείου
1492 2083 1494 2085 -

104 2118 414 2168 ἀνατέλλοντος
449 2119 555 2160 κατὰ
591 2120 641 2161 τὸ
676 2123 718 2160 Δ
755 2124 934 2172 σημεῖον
969 2119 1018 2161 τὸ
1053 2119 1160 2160 κατὰ
1197 2119 1428 2173 διάμετρον

104 2183 219 2238 αὐτῷ
239 2183 286 2225 τὸ
315 2184 356 2224 Γ
380 2183 502 2224 δύνει
534 2182 642 2224 κατὰ
672 2183 720 2224 τὸ
746 2184 782 2223 Β
814 2188 1006 2236 σημεῖον,
1043 2182 1149 2224 ὅταν
1179 2182 1262 2237 ἄρα
1292 2182 1316 2225 ὁ
1340 2189 1428 2224 τῶν
1492 2185 1494 2198 ²

162 2326 195 2358 2.
221 2321 292 2367 ἴση]
319 2332 430 2368 supra.
453 2334 501 2358 m.
527 2325 547 2355 2
574 2320 658 2358 Vat,
748 2326 780 2357 5.
806 2321 956 2368 κύκλου]
982 2331 1072 2356 corr.
1097 2331 1141 2357 οι
1165 2320 1308 2358 κύκλων
1331 2331 1379 2356 ιιι.
1406 2323 1427 2356 2
