1456 2456
516 101 851 138 PHAENOMENA
1315 103 1335 143 1
1345 103 1364 143 1

19 214 155 258 larum
180 213 460 256 inerrantium
481 212 533 255 ab
555 214 653 254 ortu
673 212 725 253 ad
744 211 990 268 proximum
1011 214 1153 254 ortum
1173 211 1369 267 pervenit

21 280 87 324 vel
112 295 136 322 a
161 278 354 335 quolibet
377 278 472 320 loco
499 278 552 321 ad
577 278 758 320 eundem
783 278 939 320 locum.

76 344 331 401 permutatio
346 343 714 395 circumferentiae
734 342 954 398 conspicui
972 342 1279 398 hemisphaerii
1294 345 1369 398 est,

21 412 69 467 si,
94 425 187 452 cum
213 410 465 452 antecedens
490 411 698 465 punctum
719 408 1088 452 circumferentiae
1109 408 1153 450 in
1174 411 1272 451 ortu
1293 410 1369 463 est,

21 490 208 532 sequens,
238 477 466 531 postquam
499 477 642 517 ortum
667 477 732 516 est
758 477 801 516 et
825 476 966 516 totum
992 474 1369 529 hemisphaerium,

22 541 134 597 quod
158 555 283 596 super
307 543 465 582 terram
492 542 569 596 est,
594 540 820 595 percurrit,
846 540 890 582 in
918 554 1070 582 occasu
1097 543 1179 595 est3
1211 540 1369 583 occulti

21 609 172 661 autem,
207 607 255 661 si,
287 621 382 648 cum
415 606 667 648 antecedens
698 608 906 661 punctum
933 605 1299 648 circumferentiae
1324 605 1369 646 in

22 686 169 716 occasu
201 674 282 728 est3
317 686 510 727 sequens,
545 674 775 727 postquam
807 670 964 713 occidit
996 673 1038 713 et
1071 673 1209 713 totum
1238 671 1371 712 hemi-

21 737 276 794 sphaerium,
302 738 416 792 quod
442 737 520 779 sub
549 739 662 779 terra
687 739 764 791 est,
790 737 1012 792 percurrit,
1038 737 1082 778 in
1110 739 1207 778 ortu
1234 739 1309 778 est.

676 867 706 910 I.

78 946 207 989 Terra
250 945 295 988 in
334 945 474 987 medio
514 946 673 988 mundo
713 948 778 988 est
818 948 859 987 et
898 945 951 986 ad
989 944 1195 987 mundum
1235 945 1370 987 centri

20 1013 157 1056 locum
184 1012 359 1054 obtinet.
629 1033 764 1081 βορέας

1031 1291 1064 1324 ῙἼ
1086 1282 1265 1328 καρκίνος

123 1403 302 1450 ὑδροχόος
323 1416 355 1449 Ε
725 1310 1027 1426 Δ
1047 1415 1070 1448 Β
1087 1413 1181 1450 κέων

103 1510 302 1558 αἰγόκερως
341 1523 375 1554 Α
390 1428 455 1546 Ι

641 1776 752 1816 νότος

83 1848 138 1890 sit
163 1849 208 1891 in
231 1850 390 1891 mundo
416 1849 594 1892 horizon
621 1853 662 1891 A
671 1852 726 1904 B,
758 1851 873 1891 terra
903 1852 1045 1892 autem
1078 1851 1196 1893 visus
1227 1853 1374 1893 noster

23 1913 77 1955 ad
101 1917 306 1969 punctum
332 1919 387 1971 A,
413 1918 456 1957 et
481 1916 567 1958 sint
593 1915 820 1957 orientales
846 1918 989 1970 partes
1018 1919 1064 1969 Γ,
1091 1917 1373 1960 occidentales

23 1981 164 2021 autem
191 1984 249 2035 A,
281 1983 324 2022 et
354 1984 607 2036 conspectus
639 1981 696 2023 sit
727 1996 804 2036 per
835 1981 1047 2037 dioptram
1075 1983 1119 2025 in
1144 1985 1304 2038 puncto
1331 1987 1374 2025 A

25 2045 207 2103 positam
235 2045 394 2098 Cancer
419 2046 464 2088 in
487 2050 648 2102 puncto
677 2049 719 2089 Γ
739 2046 902 2102 oriens3
927 2047 1072 2102 itaque
1097 2062 1174 2103 per
1198 2048 1373 2090 eandem

26 2108 235 2165 dioptram
251 2110 535 2167 Capricornus
553 2112 840 2167 conspicietur
854 2112 1061 2155 occidens.
1088 2114 1376 2168 conspiciatur

25 2173 71 2218 in
93 2179 251 2231 puncto
278 2181 330 2219 A.
362 2180 405 2219 et
430 2178 633 2232 quoniam
658 2179 817 2232 puncta
844 2181 898 2232 A,
917 2181 972 2231 A,
1000 2180 1042 2220 Γ
1059 2193 1135 2234 per
1161 2179 1374 2233 dioptram

0 2257 4 2259 ⁴
26 2243 253 2296 conspecta
277 2244 389 2297 sunt,
413 2243 527 2285 linea
545 2258 621 2299 per
643 2247 697 2298 A,
717 2246 772 2297 A,
794 2244 837 2284 Γ
856 2243 984 2286 ducta
1002 2247 1117 2286 recta
1136 2246 1212 2286 est.
1246 2258 1375 2298 quare

28 2308 157 2348 AAI'
170 2306 400 2350 diametrus
421 2311 485 2350 est
504 2311 547 2350 et
566 2308 770 2363 sphaerae
791 2310 1010 2350 stellarum
1031 2309 1312 2352 inerrantium
1334 2311 1376 2350 et

26 2370 198 2426 zodiaci,
217 2373 416 2427 quoniam
433 2389 457 2415 a
470 2374 644 2416 zodiaco
659 2388 788 2428 super
799 2374 1067 2416 horizontem
1081 2389 1156 2416 sex
1171 2375 1294 2430 signa
1307 2373 1376 2415 ab·
