1494 2450
563 76 902 114 PHAENOMENA
1356 75 1413 118 63

33 207 35 210 ⁴
65 193 254 246 tempore
279 193 321 232 E
348 203 492 231 arcum
518 191 601 230 ΕΘ
631 188 853 243 percurrit,
886 188 965 228 ΓΕ
988 185 1154 228 occidit.
1199 199 1300 241 ergo
1328 199 1413 240 quo

66 258 254 311 tempore
278 257 366 296 AA
398 254 552 309 oritur,
587 267 638 295 eo
666 254 750 295 ΓΕ
779 251 947 293 occidit.
1000 251 1084 293 iam
1111 251 1259 293 eodem
1286 250 1414 292 modo

66 320 460 374 demonstrabimus,
485 333 570 374 quo
595 321 787 374 tempore
808 320 895 360 ΑΔ
921 316 1100 371 occidat,
1126 331 1176 359 eo
1200 317 1277 358 ΓΕ
1301 316 1414 358 oriri.

688 508 783 552 XII.

125 605 398 659 Semicirculi,
425 606 499 661 qui
525 608 626 660 post
646 604 854 647 Cancrum
882 607 957 659 est,
985 604 1183 659 aequales
1209 619 1330 647 arcus
1355 604 1416 646 in-

67 672 310 728 aequalibus
336 671 602 727 temporibus
630 671 843 727 occidunt⁷
874 684 923 712 ac
948 670 1148 712 maximis
1174 670 1346 725 quidem
1374 669 1417 724 ii,

66 739 140 794 qui
164 738 215 780 ad
241 739 461 780 contactus
489 737 753 792 tropicorum
781 738 893 791 sunt,
917 735 1083 777 minore
1110 738 1251 777 autem
1273 735 1316 790 ii,
1342 735 1416 791 qui

65 803 142 846 hos
167 803 366 858 deinceps
393 805 641 859 sequuntur,
665 802 856 844 minimis
876 803 1018 843 autem
1038 801 1082 855 ii,
1108 802 1182 856 qui
1202 801 1255 843 ad
1274 802 1418 856 aequi-

65 868 288 912 noctialem
322 871 440 923 sunt,
472 868 639 923 aequali
671 870 813 910 autem
847 867 896 922 ii,
929 866 1002 922 qui
1030 866 1082 908 ab
1109 866 1417 921 aequinoctiali

65 933 229 990 aequali
254 934 479 977 intervallo
507 933 678 988 distant,
704 935 746 975 et
772 933 972 975 occidunt
998 935 1040 975 et
1066 932 1274 976 oriuntur.

124 999 180 1042 sit
210 999 252 1041 in
283 999 443 1042 mundo
477 999 657 1042 horizon
683 1001 828 1054 ΑΒΓ,
865 999 1078 1041 maximus
1109 1001 1253 1040 autem
1286 999 1419 1040 circu-

65 1063 215 1120 lorum,
241 1064 315 1120 qui
340 1079 510 1120 semper
529 1065 750 1120 conspicui
771 1068 882 1121 sunt,
909 1067 1042 1119 ΡΣΤ,
1067 1064 1254 1106 aestivus
1274 1067 1417 1106 autem

66 1131 254 1185 tropicus
273 1133 369 1185 AE,
392 1130 586 1172 hiemalis
608 1131 750 1171 autem
771 1129 961 1185 tropicus
977 1131 1072 1184 ΓΖ,
1092 1129 1417 1184 aequinoctialis

65 1198 204 1238 autem
227 1198 367 1250 BHA,
392 1196 589 1238 zodiacus
615 1198 757 1237 autem
779 1195 962 1237 circulus
981 1195 1241 1251 positionem
1261 1195 1418 1238 habeat

64 1361 183 1409 venit,
207 1362 273 1399 BZ
300 1362 446 1411 oritur3
472 1374 561 1399 cum
589 1364 722 1400 autem
743 1364 791 1411 E,
816 1364 1031 1412 postquam
1057 1373 1194 1400 arcum
1222 1362 1306 1400 EN
1327 1374 1414 1412 per-

66 1420 198 1469 currit,
223 1420 273 1459 ad
299 1422 344 1458 N
364 1421 557 1471 pervenit,
583 1424 656 1460 ΓΕ
683 1421 838 1461 occidit.
878 1435 972 1472 ergo
999 1434 1078 1472 quo
1099 1423 1278 1471 tempore
1298 1433 1413 1459 arcus

65 1479 135 1517 ΒΖ
161 1481 298 1529 oritur,
324 1494 368 1519 eo
395 1493 510 1519 arcus
538 1482 609 1520 ΓΕ
635 1481 791 1520 occidit.

692 1611 781 1651 XII.

123 1692 390 1746 Semicirculi,·
416 1695 485 1744 qui
516 1697 608 1744 post
640 1694 837 1733 Cancrum
869 1698 948 1746 est,
988 1696 1175 1745 aequales
1209 1708 1325 1734 arcus
1357 1697 1417 1734 in-

65 1753 295 1802 aequalibus
327 1755 574 1804 temporibus
601 1754 803 1803 occidunt‚
842 1767 888 1794 ac
920 1756 1103 1793 maximis
1136 1755 1311 1806 quidem,
1350 1755 1419 1804 qui

64 1811 116 1859 ad
145 1814 350 1852 contactus
381 1814 625 1864 tropicorum
658 1816 767 1864 sunt,
805 1814 1022 1853 minoribus
1055 1816 1208 1866 autem,
1247 1815 1317 1864 qui
1346 1815 1419 1854 hos

65 1869 244 1921 deinceps
269 1876 499 1923 sequuntur,
523 1874 698 1912 minimis
725 1875 872 1923 autem,
906 1875 975 1923 qui
1000 1874 1051 1912 ad
1078 1874 1418 1924 aequinoctialem

65 1932 167 1980 sunt,
191 1933 425 1982 aequalibus
450 1946 543 1972 vero
569 1934 612 1982 ii,
638 1933 709 1983 qui
735 1933 782 1971 ab
809 1934 1096 1983 aequinoctiali
1120 1935 1280 1984 aequali
1298 1936 1418 1973 inter-

65 1990 169 2028 vallo
195 1990 356 2041 distant,
381 1995 421 2031 et
446 1992 630 2032 occidunt
655 1994 696 2031 et
721 1994 918 2032 oriuntur.

122 2050 174 2088 sit
197 2051 366 2091 circulus
391 2052 551 2091 horizon
577 2054 750 2101 ΑΒΓΔ,
785 2054 978 2092 maximus
1004 2054 1139 2091 autem
1164 2054 1419 2103 circulorum,

65 2109 133 2159 qui
161 2122 314 2160 semper
344 2112 547 2162 conspicui
577 2114 687 2161 sunt,
720 2114 818 2161 EZ,
850 2115 890 2150 et
920 2114 1096 2152 aestivus
1127 2115 1306 2164 tropicus
1332 2115 1417 2162 BA,

63 2166 243 2208 hiemalis
277 2172 410 2209 autem
440 2172 616 2221 tropicus
648 2174 735 2221 ΓΔ,
770 2174 810 2209 et
841 2172 894 2210 sit
926 2173 1196 2211 semicirculus
1220 2175 1311 2223 BA,
1347 2174 1419 2223 qui

38 2230 151 2277 -post
177 2227 370 2269 Cancrum
402 2233 472 2281 est,
503 2243 622 2281 super
646 2233 807 2282 terram,
840 2232 1146 2282 aequinoctialis
1173 2234 1311 2272 autem
1337 2234 1416 2271 cir-

35 2304 47 2329 21
64 2286 173 2326 culus
197 2289 250 2327 sit
275 2289 376 2340 ΗΘ,
403 2292 443 2328 et
467 2290 671 2330 dividatur
694 2292 860 2340 uterque
887 2304 1002 2331 arcus
1027 2293 1061 2330 B
1069 2289 1120 2343 Ξ,
1148 2295 1183 2330 Δ
1208 2289 1246 2334 Ξ
1264 2294 1307 2330 in
1333 2295 1415 2331 tres

37 2366 39 2371 v
64 2348 196 2396 partes
227 2349 413 2398 aequales
443 2351 486 2388 in
516 2351 677 2400 punctis
703 2351 755 2401 Κ,
781 2354 835 2401 Λ,
861 2352 925 2402 Μ,
951 2352 998 2390 Ν
1001 2366 1010 2397 3
1049 2351 1156 2404 dico,
1188 2364 1302 2391 arcus
1329 2353 1419 2401 ΒΚ,
