1456 2456
99 84 161 123 1211
586 83 942 122 PROLEGOMENA

98 190 260 239 ἐπείπερ]
281 191 382 236 εἴπερ
421 195 462 227 11
485 191 681 235 σύγκειται,
699 190 788 225 item
808 190 871 224 lin.
885 194 926 225 12
969 194 1011 225 14
1030 189 1208 235 κινήσεων
1251 195 1293 226 21
1313 194 1423 227 πολυ-

97 243 267 280 πλασίονι
317 248 428 288 174,9
458 244 499 279 δέ
549 247 590 278 17
616 244 700 287 post
730 243 877 278 ἔλαττον
908 242 992 277 add.
1019 242 1125 278 ἐστιν.
1169 243 1423 287 interpretatio

100 297 303 342 Dasypodii
329 307 374 332 ex
396 297 495 332 Pena
519 297 567 331 ad
592 295 742 330 verbum
767 305 939 339 expressa
963 297 1029 331 est.

155 349 275 385 Penae
299 348 641 394 interpretationem
665 346 875 382 libellorum
899 348 1120 383 musicorum
1141 348 1313 393 repetivit
1336 349 1424 384 Pos-

98 402 243 438 sevinus
266 402 305 436 in
330 401 560 437 Bibliotheca
584 400 718 435 selecta
742 400 880 435 Romae
905 403 994 435 1593
1018 399 1051 435 11
1075 412 1109 445 p.
1127 404 1309 436 187-200
1336 401 1422 436 ‘Eu-

98 453 203 489 clidis
228 453 370 488 Musica
394 464 414 488 e
438 452 690 487 Bibliothecae
709 451 914 488 Vaticanae
939 463 982 487 ac
1005 452 1125 488 Fulvii
1148 453 1273 488 Ursini
1296 464 1422 489 manu-
1453 496 1456 504 Ι

98 503 242 552 scriptis
273 506 460 541 codicibus
493 505 668 540 Graecis’.
712 506 860 550 praesto
890 505 925 540 ei
953 505 1022 541 fuit
1050 506 1128 541 cod.
1147 506 1232 541 Vat.
1253 506 1310 542 Gr.
1332 510 1421 542 1341
1452 505 1456 550 ,ἵ

97 562 142 604 (v.
161 571 196 605 p.
211 558 352 604 XLVII)
372 560 482 603 atque
508 569 592 593 eum
611 557 777 602 sequitur
796 557 894 593 Pena
912 557 1040 593 relicto
1058 571 1092 603 p.
1104 562 1334 604 196‚1Ssqq.,
1359 560 1423 596 ubi

99 615 141 646 18
166 609 313 658 λιχανός
332 632 374 637 —-
395 614 439 645 23
465 610 637 650 διάτονος
655 612 736 655 (pr.)
761 621 831 645 om.
851 610 966 653 Pena,
996 614 1040 645 20
1065 610 1101 646 οἱ
1121 632 1162 638 —-
1184 615 1228 645 23
1253 611 1424 653 ὃιάτονος
1454 611 1456 617 ’

97 664 188 710 (alt.)
219 675 288 698 om.
314 663 541 699 Possevinus.
587 674 660 707 mg.
689 663 813 697 autem
844 663 1033 698 adnotavit
1062 674 1105 699 ex
1137 664 1229 698 ‘cod.
1249 664 1348 699 Vat.'
1375 665 1422 700 ad

96 728 132 761 p.
144 720 222 760 186,
237 720 280 751 24
300 716 467 760 ἀφανεῖς,
488 715 536 750 ad
554 727 589 760 p.
601 719 680 759 200,
693 719 736 750 10
756 714 912 760 μέγεθος
930 717 1009 761 (pro
1028 715 1154 761 μέλος),
1173 716 1221 750 ad
1239 728 1275 761 p.
1287 720 1366 759 200,
1379 721 1421 752 19

97 770 138 805 ἐν
171 767 335 815 ὃιεσιαίῳ
368 767 467 815 τόπῳ
497 770 535 803 et
567 768 636 803 hae
666 769 770 813 ipsae
804 770 889 804 sunt
918 769 1121 813 scripturae
1153 769 1288 804 codicis
1321 772 1421 804 1841.

98 832 181 857 cum
211 821 341 857 eodem
372 821 497 857 codice
520 821 805 857 Introductionis
836 820 944 856 finem
968 821 1058 856 facit
1085 833 1121 866 p.
1135 825 1214 866 222,
1229 826 1282 856 14.
1326 833 1421 857 com—

96 874 263 919 pluribus
287 874 569 909 Introductionis
598 874 764 919 partibus
788 873 1003 910 Possevinus
1029 876 1200 919 excerpta
1224 886 1267 909 ex
1291 874 1421 909 Aristi-

97 927 142 962 de
171 927 399 969 Quintiliano
431 929 467 962 et
495 927 679 972 Bryennio
709 927 843 963 Graece
874 929 912 962 et
942 925 1070 962 Latine
1100 926 1267 969 inseruit;
1298 939 1332 962 v.
1357 926 1421 962 Ian

98 992 133 1024 p.
147 979 292 1015 LXXIV
311 981 385 1015 not.

154 1031 299 1067 Tertius
325 1032 446 1068 Penae
470 1033 806 1076 interpretationem
830 1032 1094 1077 redintegravit
1117 1032 1245 1066 Petrus
1270 1031 1421 1077 Herigo-

96 1096 163 1119 nus
185 1084 333 1119 ‘Cursus
358 1085 656 1119 mathematicus’
683 1085 796 1120 Paris.
819 1088 909 1119 1644
934 1083 1043 1119 vol.V
1061 1096 1096 1128 p.
1110 1087 1293 1119 802-861
1317 1095 1420 1128 prae-

96 1137 232 1182 scripto
255 1137 366 1172 titulo
387 1137 565 1172 ‘Euclidis
590 1137 756 1172 musica’.
794 1148 828 1182 p.
842 1139 971 1179 196,17
994 1136 1198 1182 Herigonus
1224 1137 1261 1170 et
1285 1136 1422 1171 Penam

97 1191 134 1225 et
157 1189 406 1224 Poissevinum
430 1190 598 1234 reliqnit3
623 1200 710 1225 nam
734 1189 873 1225 omittit
896 1189 959 1224 lin.
975 1193 1016 1223 17
1042 1187 1189 1234 λιχανός
1207 1209 1251 1214 -
1271 1192 1314 1223 23
1340 1188 1420 1225 διά-

94 1254 201 1282 τονος
214 1242 322 1288 (alt.);
347 1242 387 1277 in
405 1242 584 1278 Sectionis
604 1241 976 1278 demonstrationibus
999 1241 1339 1276 mathematicorum
1364 1251 1420 1276 ra-

96 1295 196 1330 tione
220 1295 398 1340 procedit.
436 1295 733 1340 interpretationi
759 1294 911 1330 Latinae
936 1293 1080 1328 addidit
1103 1293 1295 1328 Gallicam.

152 1349 252 1383 Inter
272 1348 472 1392 ‘Antiquae
497 1348 657 1383 musicae
684 1350 848 1383 auctores
873 1347 1040 1392 septem’,
1066 1358 1155 1391 quos
1175 1346 1312 1382 Marius
1330 1346 1420 1382 Mei-

95 1401 237 1436 bomius
262 1401 426 1436 restituit
451 1403 488 1436 et
512 1401 711 1445 explicavit
735 1399 1015 1446 (Amstelodami
1038 1402 1153 1444 1652),
1178 1399 1290 1434 etiam
1315 1399 1420 1434 libel-

94 1454 148 1488 los
174 1453 338 1488 Euclidis
370 1453 524 1498 recepit,
556 1454 615 1488 cui
639 1455 834 1498 utrumque
858 1452 1018 1487 tribuere
1041 1463 1115 1487 non
1139 1451 1333 1487 dubitavit.
1376 1463 1420 1487 ex

94 1505 211 1541 tribus
237 1505 433 1548 codicibus,
461 1517 551 1551 quos
578 1505 761 1550 adhibuit,
788 1505 928 1550 optimo
952 1504 1031 1540 iure
1056 1504 1132 1539 cod.
1156 1504 1327 1539 Leidensi
1352 1507 1419 1539 135

97 1557 266 1593 Vulcanii
285 1558 442 1593 maxime
462 1558 617 1593 confisus
637 1560 702 1593 est.
733 1558 851 1593 multa
870 1557 990 1592 Penae
1009 1557 1142 1592 menda
1161 1556 1326 1599 correxit,
1352 1556 1419 1592 ali·

93 1611 183 1654 quot
214 1610 412 1655 scripturas
438 1621 541 1646 veras
573 1611 651 1646 sine
682 1610 850 1646 codicum
881 1610 1091 1644 adiumento
1116 1609 1294 1653 restituit,
1320 1609 1420 1645 velut

92 1674 127 1707 p.
144 1666 221 1705 164,
237 1667 291 1707 13,
309 1667 350 1697 14
378 1663 443 1699 τόν
463 1684 505 1690 -
525 1663 797 1699 πολλαπλάσιον
816 1684 860 1690 -
880 1661 1081 1707 ἐπιμόριον,
1111 1673 1146 1707 p.
1163 1666 1241 1705 166,
1255 1665 1298 1697 23
1323 1661 1419 1706 δυσί,

91 1727 126 1760 ρ.
144 1718 222 1759 188,
237 1719 256 1750 ’1
277 1715 363 1750 add.
382 1714 446 1750 καί
486 1727 521 1760 p.
537 1719 616 1759 210,
633 1721 649 1751 1
671 1716 755 1751 add.
776 1717 836 1752 ἐπὶ
859 1714 900 1751 τὸ
926 1715 1018 1762 βαρύ
1061 1727 1095 1759 p.
1112 1718 1190 1758 216,
1204 1718 1248 1750 25
1274 1726 1339 1750 scr.
1359 1715 1417 1750 τό-

93 1780 161 1808 πος
186 1773 328 1812 φωνῆς,
361 1767 451 1803 ὅταν
476 1768 633 1814 λέγωμεν
658 1773 706 1814 (p.
729 1773 807 1811 178,
826 1773 847 1803 4
875 1766 1104 1812 προσκείσθω
1130 1768 1204 1802 iam
1229 1768 1328 1812 apud
1353 1768 1418 1804 Pe-

91 1830 176 1854 nam
207 1820 373 1866 legitur):
407 1821 471 1856 sed
506 1833 587 1856 cum
621 1822 765 1857 codices
798 1821 854 1856 illi
888 1832 961 1855 non
994 1819 1123 1865 optimi
1157 1820 1230 1854 sint
1263 1820 1416 1864 generis,

90 1872 242 1907 minime
276 1873 408 1907 mirum
441 1875 511 1916 est,
549 1874 798 1910 recensionem
828 1872 1016 1908 Meibomii
1044 1872 1175 1907 nostris
1209 1872 1417 1908 hominibus

91 1924 211 1959 minus
248 1925 404 1969 probari.
456 1926 574 1961 Penae
610 1926 949 1972 interpretationem
985 1925 1133 1970 propter
1167 1924 1302 1960 multos
1339 1926 1418 1960 eius

91 1987 227 2012 errores
262 1978 481 2023 contempsit
513 1989 555 2013 ac
589 1990 719 2014 novam
753 1979 921 2015 confecit.
969 1978 1078 2013 notae
1111 1987 1211 2017 vero,
1245 1988 1336 2021 quas
1369 1979 1416 2014 ad

90 2029 253 2065 musicae
277 2030 454 2075 antiquae
480 2031 723 2076 imperitiores
753 2030 978 2067 adiuvandus
1009 2029 1168 2074 addidit,
1197 2030 1417 2074 exquisitam

90 2083 133 2117 ut
162 2083 386 2127 temporibus
418 2082 492 2118 illis
518 2084 765 2128 cognitionem
791 2085 829 2120 et
856 2083 1045 2119 scientiam
1069 2082 1231 2118 musicae
1255 2081 1417 2118 Graecae

91 2135 292 2170 declarant.

146 2187 343 2234 Gregorius
378 2188 416 2223 in
449 2189 679 2234 praefatione
712 2190 918 2235 profitetur,
953 2199 990 2223 se
1023 2188 1062 2223 in
1096 2187 1231 2223 libellis
1266 2188 1415 2223 musicis

86 2240 237 2275 edendis
264 2240 468 2276 ‘Meibomii
492 2241 692 2276 editionem
721 2241 760 2276 in
788 2243 891 2276 textu
919 2251 1048 2287 graeco
1073 2241 1149 2276 fere
1179 2250 1244 2284 per
1267 2241 1403 2275 omnia’

86 2294 251 2329 secutum
281 2303 370 2329 esne.
414 2293 590 2330 sectionis
618 2294 765 2339 quidem
796 2304 886 2336 uno,
918 2295 1099 2338 quantum
1130 2293 1254 2337 video,
1285 2292 1364 2328 loco
1394 2303 1416 2328 a
