1456 2456
40 789 82 820 10

41 1174 83 1204 15

38 1493 82 1525 20

36 1814 79 1844 25

1418 0 1456 73 {ff

112 98 164 139 12
613 105 922 140 ΦΑΙΝΟΜΕΝΑ
1422 77 1440 97 ³⁵

108 207 271 248 κύκλου
297 207 368 249 καὶ
393 214 467 262 τῆς
487 210 706 264 διόπτρας,
731 213 1021 267 τεθεωρήσθω
1043 211 1167 254 Λέων
1187 209 1438 257 ἀνατέλλων]

108 271 215 312 κατὰ
245 272 293 313 τὸ
326 274 362 312 Β
394 280 588 326 σημεῖον·
632 277 961 329 θεωρηθήσεται
992 277 1075 331 ἄρα
1107 277 1179 318 διὰ
1202 283 1278 330 τῆς
1301 278 1443 334 αὐτῆς.Γ

109 335 315 389 διόπτρας
335 334 561 391 Ὑδροχόος
593 339 753 380 δύνων.
802 341 1057 394 θεωρείσθω
1090 342 1195 382 κατὰ
1220 341 1268 382 τὸ
1296 344 1336 382 Ε
1359 353 1430 396 ση-

107 405 241 452 μεῖον.
294 399 364 441 καὶ
403 399 494 442 ἐπεὶ
530 402 582 442 τὰ
619 405 679 455 Ε,
703 406 768 455 A,
795 405 831 444 Β
875 411 1027 457 σημεῖα
1063 407 1323 459 τεθεώρηται
1360 406 1446 452 διὰ,

108 462 328 517 διόπτρας,
354 464 504 506 εὐθεῖά
531 465 649 507 ἐστιν
668 466 693 519 ἡ
714 467 786 508 διὰ
803 474 891 508 τῶν
908 470 959 522 Ε,
973 471 1025 522 Δ,
1039 471 1086 510 Β.
1118 466 1227 510 ἔστω
1247 469 1272 522 ἡ
1294 472 1444 520 EA&

107 527 133 580 ἡ
159 529 285 568 ΕΔΒ
318 528 400 582 ἄρα
432 529 659 584 διάμετρός
683 530 772 572 ἐστι
797 537 869 585 τῆς
896 547 940 573 τε
966 539 1051 574 τῶν
1076 532 1279 574 ἀπλανῶν
1305 535 1445 587 σφαί-,

108 607 186 644 ρας
210 591 281 633 καὶ
307 598 385 634 τοῦ
412 594 622 649 ζῳδιακοῦ
647 595 819 636 κύκλου.
869 594 1042 650 ἐδείχθη
1070 593 1117 637 δὲ
1142 595 1213 637 καὶ
1240 597 1265 650 ἡ
1291 599 1445 652 ΑΔΓ-κΙ

107 655 155 696 τὸ
181 659 223 696 Δ
248 656 331 708 ἄρα
358 664 535 711 σημεῖον
561 657 742 711 κέντρον
767 657 858 700 ἐστὶ
881 665 955 712 τῆς
974 667 1061 701 τῶν
1079 659 1284 701 ἀπλανῶν
1304 663 1446 715 mpod-³

108 735 199 772 ρας,
225 721 299 761 καί
322 720 410 762 ἐστι
441 722 550 775 πρὸς
574 728 624 776 τῇ
651 728 714 777 γῇ.
747 721 904 775 ὁμοίως
924 724 977 777 δὴ
998 723 1207 777 δείξομεν,
1232 724 1309 777 ὅτι,
1334 724 1357 766 ὃ
1377 724 1449 782 ἂνξ

108 786 259 839 ληφθῇ
285 791 463 838 σημεῖον
489 783 556 827 ἐπὶ
583 792 655 839 τῆς
681 792 772 840 γῆς,
797 786 978 841 κέντρον
1003 787 1092 829 ἐστὶ
1117 795 1194 830 τοῦ
1220 790 1395 840 κόσμου.
1448 783 1451 792 ’

166 847 190 900 ἡ
224 854 277 902 γῆ
309 849 391 901 ἄρα
423 847 471 890 ἐν
495 849 610 906 μέσῳ
635 854 697 906 τῷ
720 851 865 907 κόσμῳ
890 850 980 892 ἐστὶ
1007 851 1078 893 καὶ
1102 851 1284 906 κέντρου
1310 846 1451 906 τάξινζ,

108 910 245 966 επέχει
271 913 378 967 πρὸς
403 913 480 954 τὸν
504 915 679 968 κόσμον.
1439 908 1456 982 ,Ξ

161 1102 235 1145 Ἐν
268 1109 345 1160 μιᾷ
377 1106 541 1159 κόσμου
574 1111 790 1162 περιφορᾷ
822 1107 844 1148 ὁ
871 1105 950 1161 μὲν
975 1108 1047 1149 διὰ
1073 1114 1160 1149 τῶν
1184 1109 1330 1150 πόλων
1355 1087 1456 1163 τῆςξ

111 1169 299 1223 σφαίρας
329 1170 485 1218 κύκλος
517 1169 584 1219 δὶς
615 1168 735 1212 ἔσται
768 1170 902 1225 ὀρθὸς
927 1172 1036 1226 πρὸς
1060 1173 1136 1214 τὸν
1161 1172 1375 1228 ὁρίζοντα·
1407 1170 1451 1215 ὁῖ

108 1232 155 1273 δὲ
185 1239 272 1274 τῶν
305 1234 470 1289 ζῳδίων
501 1234 658 1283 κύκλος
689 1236 797 1289 πρὸς
826 1235 906 1289 μὲν
937 1236 1014 1277 τὸν
1043 1237 1339 1290 μεσημβρινὸν
1364 1236 1450 1286 δὶςῑ

106 1293 226 1338 ἔσται
258 1296 410 1351 ὀρθός,
440 1298 548 1350 πρὸς
583 1296 630 1340 δὲ
664 1299 741 1340 τὸν
775 1298 972 1353 ὁρίζοντα
1006 1299 1233 1352 οὐδέποτε,
1268 1301 1372 1342 ὅταν
1406 1300 1456 1361 δ’,

105 1361 236 1409 πόλος
261 1367 338 1402 τοῦ
364 1361 582 1414 ὁρίζοντος
606 1362 763 1417 μεταξὺ
789 1359 815 1416 ἦ
833 1369 911 1405 τοῦ
931 1368 1114 1418 θερινοῦ
1133 1371 1340 1418 τροπικοῦ
1360 1365 1431 1406 καὶ

107 1430 185 1466 τοῦ
212 1432 405 1480 φανεροῦ
431 1427 579 1468 πόλου.
625 1426 719 1479 [ἐὰν
745 1427 793 1469 δὲ
818 1426 891 1469 ἐπί
911 1443 1029 1477 τινος
1053 1435 1141 1470 τῶν
1165 1436 1382 1483 τροπικῶν
1407 1429 1456 1488 ὁξ·

107 1490 237 1538 πόλος
256 1486 281 1543 ἦ
302 1495 379 1531 τοῦ
400 1489 632 1544 ὁρίζοντος,
658 1490 680 1532 ὁ
701 1498 788 1533 τῶν
808 1491 973 1548 ζῳδίων
992 1492 1147 1541 κύκλος
1166 1491 1275 1542 ἅπαξ
1295 1492 1430 1547 ὀρθὸς
1444 1488 1456 1540 ἶ

106 1546 224 1594 ἔσται
248 1554 358 1609 πρὸς
383 1554 461 1596 τὸν
485 1553 700 1608 ὁρίζοντα·
726 1555 829 1597 ὅταν
854 1553 902 1597 δὲ
922 1555 944 1597 ὁ
964 1557 1097 1605 πόλος
1114 1562 1192 1598 τοῦ
1213 1556 1430 1608 ὁρίζοντος
1448 1571 1456 1579 ··

105 1616 260 1671 μεταξὺ
287 1625 374 1659 τῶν
399 1626 616 1672 τροπικῶν
640 1620 812 1662 κύκλων
836 1619 1026 1675 ὑπάρχῃ,
1058 1620 1125 1670 δὶς
1151 1622 1269 1662 ἔσται
1296 1620 1318 1662 ὁ
1344 1628 1431 1662 τῶν
1447 1642 1456 1664 τ

107 1682 273 1738 ζῳδίων
297 1682 454 1731 κύκλος
479 1682 615 1737 ὀρθὸς
638 1683 746 1738 πρὸς
771 1684 850 1725 τὸν
874 1683 1101 1738 ὁρίζοντα]

163 1743 272 1787 ἔστω
307 1745 463 1801 ὁρίζων
496 1747 652 1796 κύκλος
687 1747 709 1788 ὁ
741 1750 822 1789 ΕΒ
834 1749 881 1801 Γ,
915 1748 984 1789 καὶ
1014 1747 1211 1802 μέγιστος
1235 1745 1315 1802 μὲν
1340 1756 1427 1790 τῶν

106 1808 172 1851 ἀεὶ
204 1817 408 1864 φανερῶν
439 1811 610 1852 κύκλων
634 1809 744 1853 ἔστω
770 1811 792 1853 ὁ
819 1813 924 1864 ΩΔ,
955 1810 1154 1865 μέγιστος
1179 1810 1225 1853 δὲ
1251 1820 1340 1853 τῶν
1363 1811 1429 1854 ἀεὶ

105 1873 289 1927 ἀφανῶν
315 1876 422 1915 ἔστω
449 1874 471 1915 ὁ
497 1877 600 1928 ΕΖ,
625 1875 697 1916 καὶ
721 1876 898 1931 θερινὸς
921 1873 1001 1928 μὲν
1025 1876 1228 1929 τροπικὸς
1253 1875 1430 1929 ὁΗΘΚ,

105 1938 345 1992 χειμερινὸς
365 1938 412 1979 δὲ
431 1939 634 1993 τροπικὸς
654 1938 676 1981 ὁ
698 1941 848 1991 ΛΜΝ,
874 1938 896 1981 ὁ
917 1937 965 1981 δὲ
984 1946 1070 1981 τῶν
1090 1940 1254 1995 ζῳδίων
1274 1940 1430 1989 κύκλος

105 2001 232 2043 θέσιν
257 2000 384 2056 ἐχέτω
411 2002 468 2051 ὡς
492 2003 571 2054 τὴν
591 2005 686 2057 KA,
710 2004 837 2045 πόλοι
864 2000 911 2044 δὲ
936 2010 1009 2057 τῆς
1034 2004 1221 2058 σφαίρας
1246 2004 1306 2059 τὰ,
1323 2003 1371 2057 Ξ,
1394 2007 1430 2045 Ο

106 2072 268 2119 σημεῖα.
311 2066 382 2107 καὶ
413 2066 649 2121 γεγράφθω
681 2067 754 2108 διὰ
784 2074 871 2108 τῶν
897 2066 951 2120 Ξ,
979 2070 1016 2109 Ο
1045 2066 1242 2120 μέγιστος
1273 2067 1430 2116 κύκλος

166 2161 195 2191 1.
221 2157 448 2201 τεθωρήσθω
469 2158 551 2192 Vat.
602 2162 633 2192 4.
661 2159 709 2204 Δ]
735 2169 825 2193 erae.
846 2159 928 2194 Vnt.
979 2162 1009 2194 5.
1035 2159 1121 2194 Post
1145 2157 1322 2202 διόπτρας
1340 2158 1428 2193 add.

104 2209 167 2248 τῆς
191 2208 225 2238 Δ
254 2215 301 2238 m.
328 2208 347 2237 2
374 2204 455 2238 Vat
530 2204 617 2239 ἔστω
649 2204 670 2249 ἡ
697 2207 800 2239 ΕΔΒ
846 2205 938 2239 mihi
970 2205 1167 2240 admodum
1200 2206 1381 2250 suspecta.

106 2253 137 2284 6.
171 2250 194 2296 ἡ
227 2251 335 2295 (tert.)
362 2271 406 2276 ——
432 2251 519 2304 ἐστι]
556 2250 748 2296 διάμετρος
808 2265 855 2295 ρα
888 2252 984 2287 ἐστὶν
982 2251 1030 2333 ij
1057 2254 1123 2287 ΕΔ
1132 2254 1159 2286 Β
1185 2250 1229 2287 v'.
1326 2253 1429 2287 EAB

106 2297 214 2344 (alt.)]
239 2296 277 2342 ἡι
304 2300 371 2331 ΔΒ
397 2297 477 2342 (sic)
505 2309 534 2332 v
585 2297 610 2332 ἄ
612 2298 671 2343 poc]
697 2308 802 2342 comp
839 2297 881 2356 Ὺ,
908 2297 1010 2334 ἔτιΒ
1014 2326 1020 2333 .
1071 2301 1102 2334 7.
1127 2297 1166 2344 ἡ]
1192 2298 1232 2333 αὶ
1257 2310 1287 2333 v.
1337 2301 1368 2333 9.
1397 2297 1427 2343 ὅ]

106 2356 176 2383 om
204 2356 236 2382 v
286 2342 350 2390 ἄν]
376 2343 441 2382 ἐάν
467 2344 569 2383 codd.
646 2348 698 2379 12.
725 2344 814 2383 Post
837 2355 974 2392 κοσμον
998 2344 1067 2383 dol
1092 2361 1136 2376 ω
1159 2345 1240 2394 ἑξῆς
1265 2357 1311 2379 m.
1340 2349 1356 2382 1
1384 2344 1427 2383 V.
