1494 2450
391 64 722 102 INTRODUCTIO
746 63 1035 101 HARMONICA
1304 64 1388 107 189

30 178 220 222 ,vallatus
252 189 353 218 vero
385 175 501 219 vocis
534 178 677 218 motus
704 174 916 218 contrarie
941 177 1140 218 movetur
1165 174 1389 230 continuo,

27 247 135 295 *mam
161 245 203 285 et
228 241 472 285 institiones
497 241 602 284 facit
629 244 671 283 et
698 241 811 283 inter
836 255 907 283 eas
934 239 1173 295 distantias,
1197 240 1389 283 vicissim

26 310 266 365 fatrumque
297 322 446 351 eorum
473 306 713 349 conlocans.
757 309 800 349 et
825 306 1070 350 institiones
1097 306 1271 362 quidem
1296 309 1390 348 ten-

24 373 178 421 }siones
213 388 434 429 vocamus,
471 373 680 415 transitus
716 387 818 415 vero
858 388 882 414 a
912 372 1181 415 tensionibus
1216 372 1270 414 ad
1300 375 1390 415 ten-

21 438 175 495 }siones
214 439 448 482 intervalla.
499 453 608 495 quae
645 441 788 481 autem
823 438 1070 480 tensionum
1105 438 1391 480 differentiam

22 504 242 559 ffefficiunt,
266 504 449 547 intentio
470 507 572 547 sunt
591 507 634 547 et
652 503 864 559 remissio,
889 503 1042 546 harum
1061 519 1162 546 vero
1183 503 1388 559 perfectio

19 582 215 614 ‚acumen
246 573 289 612 et
327 571 533 627 gravitas3
571 585 671 612 nam
709 569 770 626 id,
808 569 924 626 quod
961 569 1201 613 intentione
1238 570 1301 625 fit,
1337 570 1390 612 ad

16 649 216 683 gncumen
240 649 388 678 versus
414 636 570 692 tendit3
596 636 639 677 id
658 650 771 691 vero,
798 636 914 691 quod
932 635 1198 692 remissione,
1224 635 1277 677 ad
1297 650 1391 692 gra-

17 702 215 746 'vitatem
241 717 400 744 versus.
432 716 613 744 acumen
638 702 772 759 igitur
796 702 1001 756 perfectio
1022 705 1098 756 est,
1125 717 1233 758 quae
1253 702 1390 744 inten-

36 767 154 823 tione
179 768 243 823 fit,
267 768 456 825 gravitas
484 782 598 823 vero,
623 782 731 824 quae
757 766 1021 811 remissione.
1073 767 1101 823 [.
1123 802 1130 809 .
1153 802 1161 810 .
1183 801 1190 809 .
1217 767 1388 822 utrique

36 833 151 877 'enim
182 833 393 889 continet,
424 836 473 876 ut
505 833 785 889 intendatur]
802 832 836 890 ¹)
886 836 1094 876 vocantur
1125 836 1268 876 autem
1300 836 1391 875 ten-

12 954 13 957 *
38 898 178 943 tiones
204 899 334 941 etiam
354 900 467 955 soni3
492 899 708 942 tensiones
731 899 782 941 de
801 899 930 942 tactis
951 899 1261 955 instrumentis,
1288 899 1391 954 quia

34 963 202 1021 'intenta
228 968 340 1021 sunt,
367 966 461 1008 soni
485 980 600 1020 vero,
626 965 742 1021 quod
767 979 870 1007 voce
898 965 1093 1007 eduntur.
1124 964 1219 1007 soni
1245 968 1390 1006 autem

31 1029 230 1080 [tensione
254 1030 588 1074 innumerabiles
616 1032 728 1086 sunt,
759 1033 972 1085 potestate
997 1045 1099 1074 vero
1124 1030 1172 1073 in
1196 1044 1391 1086 unoquo-

30 1106 119 1150 ³que
144 1111 300 1152 genere
327 1096 635 1153 duodeviginti.

33 1167 35 1194 ἶ
96 1160 134 1204 3.
168 1159 333 1204 Genera
364 1166 508 1204 autem
542 1165 641 1205 sunt
666 1162 767 1204 tria:
806 1162 1043 1218 diatonum,
1077 1163 1264 1217 chroma,
1294 1162 1391 1205 har-

0 1248 2 1285 3
26 1223 191 1293 {monia
223 1230 267 1269 et
292 1227 460 1269 canitur
486 1227 709 1270 diatonum
735 1227 788 1269 ad
812 1242 942 1284 grave
969 1242 1117 1271 versus
1143 1243 1220 1284 per
1238 1231 1390 1270 tonum

0 1283 80 1335 'jet
109 1294 260 1334 tonum
292 1294 336 1334 et
366 1293 664 1349 semitonium,
702 1293 755 1335 ad
791 1296 964 1336 acutum
996 1309 1143 1337 versus
1177 1294 1390 1336 contrarie

0 1339 113 1434 'jssssper
136 1358 410 1400 semitonium
436 1361 479 1401 et
504 1361 655 1401 tonum
689 1361 731 1401 et
761 1362 926 1415 tonum,
958 1359 1135 1402 chroma
1165 1363 1309 1402 autem
1337 1359 1391 1401 ad

23 1415 165 1484 {grave
196 1438 342 1467 versus
374 1439 452 1480 per
482 1424 796 1467 triemitonium
828 1427 871 1466 et
897 1425 1172 1467 semitonium
1199 1428 1242 1467 et
1268 1425 1392 1467 semi-

22 1489 217 1551 ponium,
248 1489 302 1531 ad
333 1493 506 1533 acutum
531 1504 679 1532 versus
705 1490 918 1532 contlarie
942 1505 1019 1546 per
1043 1491 1319 1533 semitonium
1348 1493 1391 1532 et

21 1522 312 1614 {semitonium
338 1558 380 1597 et
405 1555 732 1611 triemitonium,
761 1555 988 1598 harmonia
1014 1559 1158 1599 autem
1183 1557 1238 1599 ad
1263 1570 1391 1615 grave

30 1630 185 1662 versus
210 1635 286 1675 per
311 1620 506 1663 ditonum
533 1624 575 1663 et
600 1621 738 1663 diesin
763 1624 806 1663 et
831 1621 988 1677 diesin,
1020 1622 1073 1664 ad
1100 1625 1276 1665 acutum
1300 1637 1389 1665 ver-

26 1693 109 1727 sus
136 1686 348 1729 contrarie
372 1701 450 1742 per
476 1686 614 1729 diesin
639 1689 681 1729 et
707 1687 843 1729 diesin
869 1690 913 1729 et
938 1687 1145 1730 ditonum.

96 1751 134 1792 4.
169 1750 279 1793 Sunt
304 1755 447 1794 autem
476 1752 570 1795 soni
595 1752 640 1794 in
666 1752 841 1794 diatono
866 1752 931 1795 hi:

248 1817 702 1872 proslambanomenos

249 1882 408 1937 hypate
434 1883 629 1939 hypaton

248 1941 486 2003 perhypate
512 1948 706 2004 hypaton

99 2083 133 2125 1)
158 2081 282 2118 Verba
305 2082 370 2119 lin.
394 2087 449 2119 11.
476 2084 617 2130 ἀμφοῖν
636 2106 681 2112 —
700 2085 884 2122 τετάσθαι
907 2086 979 2121 Jan
1009 2086 1215 2122 rectissime
1245 2086 1391 2121 iudicat

0 2113 6 2160 ῗ
31 2127 262 2175 interpolata
289 2141 384 2175 esse3
410 2143 442 2167 v.
463 2132 557 2168 Mus.
579 2132 638 2168 Gr.
665 2145 701 2178 p.
725 2137 802 2169 177.

40 2263 95 2295 12.
115 2260 167 2306 αἱ]
187 2261 247 2301 W.
273 2274 344 2297 om
365 2264 449 2298 cett.
519 2267 574 2300 13.
594 2266 818 2313 καθαπτῶν]
839 2264 932 2302 καθ’
957 2267 1080 2303 αὐτῶν
1100 2267 1160 2303 W.
1221 2269 1275 2302 15.
1297 2265 1390 2303 δέκα

38 2309 102 2344 καὶ
128 2307 222 2344 ὀκτώ
241 2309 300 2346 W.
397 2314 453 2347 26.
480 2311 533 2358 δέ]
561 2312 619 2358 W,
645 2324 716 2348 om.
743 2313 791 2348 M.
890 2317 946 2349 28.
972 2314 1126 2351 ὑπάτων
1151 2325 1297 2360 semper
1322 2315 1389 2360 M1‚

38 2355 190 2392 ὑπατῶν
214 2368 304 2393 corr.
330 2357 379 2393 M.
