1494 2450
393 42 447 78 IN
448 41 725 79 TRODUCTIO
751 41 1042 78 HARMONICA
1317 42 1403 86 203

36 178 50 226 f·
109 157 239 210 atque
273 153 523 197 harmoniae
567 151 740 208 quidem
780 151 899 194 color
932 151 1067 207 ipsius
1100 152 1267 209 generis
1300 152 1403 195 divi-

34 221 170 267 tsione
195 219 348 275 utitur3
374 219 542 262 canitur
566 218 679 261 enim
705 232 783 274 per
807 217 946 260 diesin
964 220 1006 260 et
1025 218 1245 273 aequalem
1267 218 1404 261 diesin

32 275 94 330 fiet
118 285 325 329 ditonum.

110 352 368 394 divisionum
400 365 501 394 vero
534 350 890 393 chromaticarum
917 350 1170 406 gravissima
1195 353 1260 393 est
1285 350 1404 393 color

28 417 280 465 ;chromatis
316 417 477 473 mollis3
513 417 680 459 canitur
711 418 856 459 autem
886 431 964 473 per
988 431 1081 459 eam
1114 416 1262 472 diesin,
1295 431 1403 472 quae

27 504 29 520 ι
50 486 116 527 est
145 483 238 526 toni
269 498 366 539 pars
399 482 538 538 tertia,
571 485 613 525 et
638 482 776 524 diesin
800 481 1022 537 aequalem
1048 485 1091 524 et
1115 483 1403 538 intervallum,

25 572 27 580 ι
50 549 164 605 quod
196 551 261 592 est
292 549 467 604 aequale
498 550 602 591 tono
635 550 678 590 et
709 547 885 590 dimidio
912 550 954 590 et
979 548 1131 591 tertiae
1157 549 1246 591 eius
1272 549 1403 604 parti3

51 615 384 670 sesquealterum
420 628 519 656 vero
556 613 732 656 chroma
767 613 936 656 canitur
966 629 1043 669 per
1074 613 1208 656 diesin
1235 629 1403 669 sesque-

49 682 228 724 alteram
260 679 387 722 diesis
419 679 692 722 enarmoniae
723 682 766 721 et
797 679 932 722 diesin
959 681 1180 735 aequalem
1207 683 1250 722 et
1275 680 1402 722 inter-

18 771 19 777 =
49 748 208 789 vallum
228 746 563 801 incompositum
585 747 747 801 septem
770 745 964 801 diesium,
990 760 1170 800 quarum
1190 761 1403 802 unaquae-

16 834 17 854 ÷
50 827 131 868 que
151 814 216 854 est
235 814 387 867 quarta
405 826 503 867 pars
523 810 626 854 toni.
659 811 876 853 toniaeum
896 813 1039 853 autem
1060 811 1235 854 chroma
1254 812 1403 854 eodem

13 898 15 903 ’
49 892 134 934 quo
167 892 301 934 genus
332 877 474 919 colore
505 877 661 933 utitur3
694 877 862 918 canitur
887 877 1000 919 enim
1025 891 1102 932 per
1127 877 1402 920 semitonium

50 946 92 986 et
123 942 399 986 semitonium
431 945 475 984 et
499 942 824 985 triemitonium.
873 942 1050 985 nomina
1074 945 1217 985 autem
1243 942 1404 986 habent

50 1010 283 1063 chromate,
317 1023 425 1064 quae
452 1007 652 1064 diximus,
683 1023 735 1050 ex
762 1008 923 1064 spissis,
955 1023 1062 1063 quae
1090 1008 1135 1050 in
1161 1009 1211 1051 iis
1238 1009 1403 1066 insunt3

49 1090 147 1117 nam
180 1077 222 1116 et
255 1074 474 1116 toniaeum
505 1089 558 1117 ex
589 1076 715 1129 tono,
754 1074 829 1129 qui
862 1074 909 1116 in
943 1088 993 1116 eo
1026 1074 1138 1116 inest
1170 1075 1402 1117 secundum

0 1189 1 1194 ¹
49 1139 429 1195 compositionem,
466 1141 508 1181 et
541 1139 877 1195 sesquealterum
904 1155 956 1182 ex
982 1139 1190 1195 diesibus,
1223 1140 1403 1196 quaein

50 1221 99 1249 eo
135 1206 283 1248 insunt
314 1208 357 1248 et
388 1220 496 1260 quae
522 1207 835 1261 sesquealterae
863 1208 964 1248 sunt
999 1206 1180 1248 diesium
1212 1221 1403 1248 enarmo-

49 1272 230 1327 niarum,
254 1273 384 1314 molle
409 1285 509 1314 vero
535 1271 703 1313 minimi
730 1270 857 1326 spissi
883 1271 1033 1314 eodem
1061 1271 1189 1313 modo
1216 1271 1403 1327 chroma,

50 1338 252 1392 quoniam
273 1337 470 1393 spissum,
490 1336 606 1392 quod
626 1337 670 1379 in
690 1351 739 1379 eo
760 1337 883 1389 inest,
908 1339 952 1379 et
970 1337 1206 1379 remittitur
1226 1339 1268 1379 et
1287 1351 1403 1380 ener-

49 1405 184 1445 vatur.

110 1469 419 1511 diatonicarum
440 1471 583 1511 autem
605 1468 863 1511 divisionum
883 1468 1016 1511 altera
1036 1469 1256 1511 diatonum
1273 1470 1403 1512 molle

50 1537 248 1591 vocatur,
298 1534 430 1577 altera
481 1537 725 1590 syntonum.
792 1549 841 1577 ae
891 1535 1032 1577 mollis
1078 1534 1241 1577 diatoni
1284 1535 1405 1578 color

51 1600 220 1643 canitur
255 1615 332 1656 per
369 1601 643 1643 semitonium
680 1602 724 1641 et
761 1600 893 1642 trium
931 1600 1111 1643 diesium
1147 1601 1403 1656 incomposi-

50 1668 143 1708 tum
167 1665 440 1709 intervallum
466 1668 509 1709 et
534 1666 723 1722 quinque
750 1665 931 1708 diesium
959 1666 1233 1708 intervallum
1254 1666 1403 1709 eodem

49 1731 177 1775 modo
204 1732 548 1787 incompositum.
591 1731 764 1787 syntoni
783 1745 883 1773 vero
905 1731 1070 1774 diatoni
1090 1731 1208 1774 color
1226 1732 1403 1776 eandem

0 1763 10 1859 ἕ
51 1811 147 1840 cum
173 1811 327 1853 genere
353 1811 622 1840 communem
642 1797 775 1840 habet
794 1796 1068 1854 divisionem3
1094 1798 1263 1840 canitur
1288 1798 1402 1840 enim

0 1861 9 1881 *³
51 1878 128 1918 per
153 1863 428 1905 semitonium
455 1865 498 1905 et
522 1865 673 1905 tonum
700 1865 743 1905 et
767 1864 931 1904 tonum.

50 1953 203 1996 κληνται
229 1950 295 1986 W:
399 1954 454 1986 14.
481 1951 580 1998 αὐτῷ
603 1954 694 1985 -16
724 1948 930 1998 ἐλαχίστου]
957 1962 1027 1986 om.
1048 1951 1106 1986 W.
1221 1955 1275 1986 14.
1302 1952 1403 2000 αὐτῷ

50 1997 147 2034 κατὰ
173 1998 350 2034 σύνθεσιν
372 1997 500 2045 τόνου]
528 1998 610 2043 NB,
635 1998 735 2046 αὐτῷ
755 1998 870 2034 τόνου
895 2009 988 2034 eras.
1007 1998 1074 2042 Ml,
1099 2010 1175 2044 rep.
1195 1999 1251 2034 Μ4
1270 2011 1344 2045 mg.
1366 2001 1404 2035 et

0 2048 13 2093 ς’
52 2057 165 2091 supra
191 2057 259 2081 scr.
279 2045 377 2081 κατὰ
402 2045 619 2087 συνθέσεως.
703 2050 756 2081 15.
784 2046 1086 2093 ἐνυπαρχουσῶν]
1115 2046 1403 2094 ἐνυπαρχόντων

0 2116 11 2141 :⁸
51 2093 120 2129 M4.
196 2097 251 2129 17.
277 2093 366 2128 Post
391 2100 536 2130 πυκνοῦ
563 2094 650 2129 add.
675 2092 847 2139 ἡμιόλιον
872 2092 914 2129 δέ
940 2093 1014 2129 ἐστι
1041 2093 1231 2140 ἐλάχιστον
1255 2094 1403 2131 πυκνόν

52 2141 111 2176 W.
161 2141 302 2187 χρῶμα]
340 2142 405 2176 καὶ
443 2147 571 2188 χρῶμα
595 2141 645 2176 W
705 2141 795 2176 Post
824 2140 974 2178 πυκνόν
1011 2142 1096 2176 add.
1129 2148 1258 2188 χρῶμα
1295 2143 1402 2178 codd.

54 2193 109 2226 18.
130 2188 312 2236 ἐκλύεται]
332 2188 379 2233 Ν,
406 2190 446 2226 ἐκ
464 2189 533 2231 M¹‚
551 2189 678 2225 λύεται
697 2189 783 2225 add,
802 2189 869 2233 Μ’,
890 2189 1107 2236 διατήκεται
1125 2189 1185 2225 W.
1254 2193 1310 2226 19.
1329 2196 1403 2226 τῶν

52 2236 106 2283 δέ]
133 2236 200 2280 Μ’,
232 2237 297 2272 καὶ
322 2236 361 2272 ἐκ
393 2242 466 2272 τῶν
491 2236 550 2272 W.
601 2235 782 2283 μαλακόν]
814 2239 877 2273 καὶ
909 2237 1077 2284 μαλακόν
1102 2237 1162 2273 W.
1266 2241 1321 2273 22.
1348 2240 1402 2274 δι-

5 2298 7 2313 ¹
52 2283 163 2320 έσεων
189 2284 288 2329 (pr.)]
314 2284 532 2330 διαιρέσεων
558 2284 617 2320 W.
673 2284 753 2332 καί]
778 2285 843 2320 καὶ
868 2284 965 2321 κατά
989 2285 1050 2321 W.
1147 2289 1204 2321 25.
1231 2284 1340 2332 καθ’]
1373 2290 1404 2322 θ

2 2381 4 2393 .
52 2332 93 2368 in
117 2330 233 2367 litura
257 2331 323 2367 M‘.
385 2333 450 2368 καὶ
473 2330 586 2368 τόνον
611 2332 721 2379 (alm
746 2332 862 2378 M³W,
888 2345 959 2369 om.
984 2333 1050 2368 M1.
