1494 2450
36 769 78 799 10

35 1631 77 1662 10

36 1923 78 1953 15

100 75 156 116 90
601 81 900 115 ΦΑΙΝΟΜΕΝΑ

101 182 256 225 κύκλοι
289 182 519 238 τέμνοντες
548 185 625 227 τὸν
649 188 788 240 ΒΑΓ,
821 186 1016 229 ἐλάσσων
1041 189 1123 243 ἄρα
1149 188 1268 231 ἐστὶν
1291 189 1318 244 ἡ
1347 194 1430 233 ΤΦ

104 246 356 302 περιφέρεια
379 253 455 302 τῆς
483 251 570 290 ΤΠ
584 251 625 290 Τ.
668 251 811 304 πάλιν,
842 250 933 293 ἐπεὶ
958 258 1036 294 τοῦ
1063 255 1201 295 ΑΒΓ
1219 254 1381 297 κύκλου
1405 255 1428 298 ὁ
1490 250 1494 301 j

104 311 238 360 πόλος
273 311 430 364 μεταξύ
468 311 556 354 ἐστι
592 321 680 355 τῶν
716 318 868 369 ΑΔΕ,
906 318 1041 357 ΒΚΓ
1075 315 1148 359 καὶ
1183 324 1261 360 τοῦ
1299 321 1451 361 ΑΔΕ-

103 373 396 428 ἐφαπτόμενός
420 374 539 418 ἐστιν
564 376 587 419 ὁ
612 380 756 432 ΕΡΟ,
794 379 864 421 καὶ
889 385 967 420 τοῦ
993 383 1118 422 ΕΡΟ
1142 381 1225 436 ἄρα
1250 381 1272 424 ὁ
1297 383 1429 432 πόλος
1490 407 1494 427 ;

102 438 261 492 μεταξύ
281 439 371 481 ἐστι
390 447 478 482 τῶν
497 444 649 495 ΑΔΕ,
668 444 756 483 ΒΚ
764 444 813 484 Γ·
840 442 863 485 ὁ
883 444 965 498 ἄρα
984 443 1128 498 ἕτερος
1147 445 1280 487 αὐτοῦ
1299 448 1430 497 πόλος
1449 480 1450 483 ¹
1488 468 1494 499 ς

101 501 259 557 μεταξῦ
284 502 376 546 ἐστι
399 512 488 546 τῶν
511 507 618 559 ΖΗ,
636 508 690 546 M
696 507 803 547 NA·
833 509 988 558 μείζων
1008 508 1093 562 ἄρα
1112 507 1230 550 ἐστὶν
1247 509 1273 563 ἡ
1300 513 1430 552 ΤΦΟ
1493 506 1494 510 ’

102 566 356 622 περιφέρεια
391 574 466 622 τῆς
507 571 650 611 ΥΠΡ·
698 569 724 623 ἡ
761 567 809 611 δὲ
844 573 928 612 ΥΦ
961 577 1036 625 τῆς
1071 575 1161 613 ΤΠ
1169 575 1207 613 Τ
1233 572 1430 616 ἐλάσσων
1493 621 1494 624 ¹

105 628 239 673 ἐστίν·
263 633 390 687 λοιπὴ
412 634 495 688 ἄρα
513 634 540 687 ἡ
562 635 644 675 ΟΦ
661 639 737 687 τῆς
755 636 836 675 ΡΤ
846 636 1001 687 μείζων
1020 636 1149 678 ἐστίν.
1182 640 1431 680 κείσθωσαν

105 695 250 749 ὅμοιαι
281 695 353 738 καὶ
386 700 476 738 ἴσαι
506 697 777 753 περιφέρειαι
803 699 847 740 αὶ
878 701 967 753 ΤΡ,
999 701 1100 755 ΦΧ,
1136 699 1208 742 καὶ
1241 703 1429 744 ἔστωσαν
1490 728 1494 747 ,

104 760 373 815 παράλληλοι
397 762 564 816 κύκλοι,
589 760 693 804 καθ’
715 758 778 804 ὧν
803 761 979 818 φέρεται
1004 764 1055 805 τὰ
1074 766 1120 818 Ρ,
1139 767 1184 806 X
1197 772 1364 819 σημεῖα,
1389 766 1430 808 οὶ
1492 790 1494 795 «

109 826 266 878 ΨΧΣ,
296 826 425 867 ΞΩΡ·
470 825 614 880 ὅμοιαι
645 827 728 881 ἄρα
753 825 865 869 εἰσὶν
890 828 938 869 αι
968 830 1120 881 ΨΧΣ,
1147 829 1276 871 352P·
1320 829 1368 872 ἐν
1397 826 1430 887 ᾧ
1493 829 1494 832 '

102 885 151 930 δὲ
175 889 223 930 τὸ
244 891 290 930 Σ
309 889 389 943 τὴν
408 892 499 931 ΣΧ
509 892 558 931 Ψ
577 889 857 944 περιφέρειαν
882 860 1197 947 διαπορεύέται,
1222 892 1269 935 ἐν
1291 895 1428 951 τούτῳ
1490 917 1494 952 '³

101 951 173 995 καὶ
195 953 243 994 τὸ
264 953 396 1006 Ρτὴν
415 954 529 995 ΡΩ)
549 954 828 1009 περιφέρειαν
848 956 1160 1010 διαπορεύεται.
1193 957 1240 998 ἐν
1258 960 1428 1000 πλείονι

103 1098 182 1134 ΔΚ
207 1101 276 1147 τῆς
299 1094 382 1138 ΞΝ
409 1097 545 1147 μείζων
576 1096 687 1135 ἐστίν.
736 1098 882 1136 κείσθω
912 1104 956 1150 τῆ
983 1096 1068 1141 ΝΞ
1094 1099 1158 1149 ἴση
1186 1097 1211 1150 ἡ
1237 1102 1340 1148 ΔΠ,
1371 1099 1436 1140 καὶ
1488 1084 1494 1140 ⁴}

103 1154 271 1194 ἔστωσαν
296 1150 392 1193 καθ’
415 1150 471 1194 ὧν
496 1154 650 1208 φέρεται
674 1170 720 1194 τα
738 1157 791 1204 Ν,
813 1158 858 1194 Π
879 1159 1032 1229 σημεῖα
1042 1157 1275 1209 παράλληλοι
1300 1158 1433 1198 κύκλοι
1488 1167 1494 1202 ,1

104 1213 146 1252 οἶ
162 1215 254 1262 ΝΡ,
267 1215 356 1251 ΓΠ
357 1216 404 1252 Σ
430 1208 513 1252 ἐπεὶ
531 1212 784 1264 ἀσύμπτωτόν
802 1210 881 1253 ἔστι
899 1212 941 1253 τὸ
960 1211 1037 1254 ἀπὸ
1057 1221 1125 1255 τοῦ
1147 1219 1182 1254 Ε
1201 1213 1428 1266 ἡμικύκλιον
1488 1210 1494 1270 ἲ

105 1269 157 1318 ὡς
181 1266 244 1310 ε’πὶ
269 1270 316 1310 τὰ
341 1274 389 1320 Ε,
410 1273 442 1309 Ρ
461 1269 558 1323 μέρη
581 1275 634 1325 τῷ
658 1268 735 1310 ἀπὸ
760 1278 829 1311 τοῦ
857 1275 888 1310 Ζ
912 1270 1175 1327 ἡμικυκλίῳ*
1154 1289 1205 1320 ως
1231 1271 1294 1313 ἐπὶ
1318 1274 1364 1313 τὰ
1389 1278 1431 1323 Ζ,
1487 1271 1494 1302 '¹'

105 1331 150 1368 Ν
170 1327 287 1400 μέρη,
324 1327 439 1380 ὁμοία
471 1325 575 1368 ἐστὶν
604 1327 629 1379 ἡ
658 1332 737 1369 ΝΡ
762 1330 983 1382 περιφέρεια
1013 1337 1057 1384 τῇ
1083 1334 1161 1370 ΓΣ
1188 1333 1432 1387 περιφερεία·
1470 1345 1494 1384 „j

104 1403 126 1437 η
154 1389 236 1426 ΝΡ
261 1386 336 1440 ἄρα
366 1393 435 1439 τῆς
460 1390 544 1426 ΓΠ
569 1388 706 1438 μείζων
742 1384 845 1427 ἔστιν
877 1387 902 1440 ἢ
935 1387 1071 1440 ὁμοία·
1121 1386 1164 1429 ἕν
1187 1390 1375 1430 πλείονι’
1359 1389 1433 1442 ἄρα
1488 1397 1494 1427 1¹

103 1445 227 1500 χρόνῳ
264 1443 308 1484 τὸ
346 1447 391 1484 Ν
423 1444 639 1498 ἀρξάμενον
676 1443 751 1485 ἀπὸ
789 1452 856 1485 τοῦ
894 1449 934 1486 Ν
970 1446 1041 1498 τὴν
1079 1450 1159 1486 ΝΡ
1189 1447 1434 1501 περιφέρειαν
1488 1469 1494 1498 1,

103 1498 302 1543 διελθὸν’
289 1503 354 1543 επι
377 1500 419 1542 τὸ
446 1507 479 1542 Ρ
497 1505 744 1557 παραγίνεται
769 1503 865 1557 ἥπερ
890 1502 931 1544 τὸ
958 1507 1004 1544 Π
1022 1504 1237 1557 ἀρξάμενον
1262 1504 1338 1546 ἀπὸ
1363 1513 1429 1547 τοῦ

104 1565 148 1601 Π
168 1561 240 1631 τὴν
266 1564 350 1601 ΠΓ
369 1561 614 1615 περιφέρειαν
640 1560 798 1602 διελθὸν
823 1558 888 1602 ἒπὶ
912 1560 953 1602 τὸ
980 1566 1019 1602 Γ
1037 1565 1297 1616 παραγίνεται.
1346 1561 1428 1604 ἀλλ’
1487 1613 1489 1626 k

101 1616 146 1660 ἒν
166 1636 197 1676 ῳ
225 1619 296 1671 μὲν
321 1620 445 1675 χρόνῳ
469 1618 512 1659 τὸ
538 1623 584 1660 Ν
604 1619 675 1671 τὴν
701 1623 783 1660 ΝΡ
801 1620 1046 1675 περιφέρειαν
1073 1619 1230 1662 διελθὸν
1255 1620 1318 1661 ἐπὶ
1341 1620 1382 1662 τὸ
1404 1626 1436 1661 P
1487 1631 1489 1677 j

105 1679 402 1748 παραγίγνεται,
426 1676 452 1730 ἡ
478 1676 563 1721 ΝΞ
585 1675 797 1726 ἐξαλλάττει
820 1676 862 1719 τὸ
887 1677 1058 1731 φανερὸν
1082 1677 1358 1734 ἡμισφαίριον·
1389 1677 1432 1721 ἐν
1487 1679 1494 1709 v'

104 1752 134 1807 ῳ
167 1735 209 1776 δὲ
226 1736 365 1807 χρόνῳ
396 1733 437 1776 τὸ
466 1739 511 1776 Π
538 1736 755 1789 ἀρξάμενον
785 1735 862 1777 ἀπὸ
893 1744 962 1777 τοῦ
988 1740 1033 1777 Π
1060 1737 1132 1789 τὴν
1163 1741 1248 1777 ΠΓ
1275 1736 1432 1779 διελθὸν
1487 1754 1489 1778 ;

103 1778 169 1834 επὶ
199 1793 240 1835 τὸ
275 1798 311 1834 1
335 1795 627 1867 παραγίγνεται,
664 1793 689 1845 ἡ
723 1798 800 1836 HA
833 1792 1044 1844 ἐξαλλάττει
1074 1793 1115 1835 τὸ
1149 1794 1321 1849 φανερὸν
1345 1812 1429 1849 ημι-
1488 1807 1489 1811 ’

104 1854 308 1921 σφαίριον·
346 1848 389 1892 ἒν
420 1853 566 1893 πλείονι
597 1869 671 1906 αρα
701 1854 824 1909 χρόνῳ
850 1870 873 1904 η
900 1852 981 1897 ΞΝ
1007 1850 1218 1902 εξαλλάττει
1241 1852 1283 1894 τὸ
1308 1870 1431 1906 φανε-
1486 1859 1488 1863 ’

103 1908 175 1964 ρόν
201 1909 454 1964 ἡμισφαίριον
479 1910 575 1963 ήπερ
601 1909 624 1961 ἡ
652 1914 745 1951 ΛΠ.
794 1911 904 1965 λέγω,
938 1911 994 1952 ὅτι
1023 1911 1088 1951 καὶ
1117 1912 1245 1965 ἕγγιόν
1274 1910 1382 1952 ἔστιν
1407 1911 1430 1963 ἡ
1486 1940 1489 1961 2

105 1969 186 2012 ΞΝ
202 1976 269 2021 τῆς
290 1976 472 2021 συναφῆς
491 1975 561 2009 τοῦ
579 1973 742 2021 θερινοῦ
761 1976 946 2022 τροπικοῦ
959 1968 1091 2022 ἤπερ“
1071 1986 1093 2020 η
1111 1973 1195 2010 ΠΔ.
1221 1971 1430 2023 γεγραφθω
1487 1988 1489 2027 j

103 2027 167 2067 διὰ
192 2034 261 2067 τοῦ
286 2040 317 2070 ,ιι
292 2026 589 2080 Ηπαράλληλος
619 2027 758 2075 κύκλος
791 2027 810 2068 ὁ
837 2027 930 2071 ΞΥ·
982 2029 1043 2079 ἴση
1069 2027 1143 2082 ἄρα
1167 2025 1270 2068 ἐστὶν
1295 2027 1319 2079 ἡ
1345 2028 1431 2071 ΞΜ
1486 2057 1489 2085 5

103 2085 323 2139 περιφέρεια
348 2091 393 2158 τῇ
414 2088 455 2124 Η
463 2088 522 2125 Ψ
554 2086 730 2137 μείζων’
715 2103 789 2138 αρα
813 2084 919 2126 ἐστὶν
944 2085 968 2136 ἡ
990 2089 1066 2125 ΗΔ
1090 2093 1157 2138 τῆς
1182 2085 1281 2129 ΜΞ.
1315 2085 1338 2137 ἡ
1360 2086 1435 2129 ΞΝ

103 2160 178 2197 αρα
198 2143 325 2197 ἕγγιόν
343 2140 421 2183 ἔστι
441 2150 509 2194 τῆς
529 2151 709 2195 συναφῆς
728 2151 797 2184 τοῦ
817 2149 980 2196 θερινοῦ
994 2151 1178 2195 τροπικοῦ
1190 2143 1323 2196 ’ἤπερε
1302 2161 1325 2195 η
1342 2148 1428 2184 HA.
1486 2190 1488 2208 ς

161 2230 195 2256 α.
223 2225 253 2256 1.
278 2220 356 2266 τόν]
376 2220 444 2265 τήν
462 2230 496 2256 a.
533 2220 636 2275 ἄρα]
645 2232 759 2267 comp.
780 2221 805 2265 1,
831 2221 882 2257 ἔτι
903 2221 948 2264 [ις
972 2221 1062 2256 item
1084 2234 1118 2267 p.
1133 2225 1176 2256 92
1196 2221 1259 2256 lin.
1275 2226 1306 2257 5
1345 2222 1430 2257 Post
1486 2212 1488 2224 '

105 2270 175 2302 ΤΦ
202 2272 218 2301 1
246 2267 318 2302 litt.
344 2269 428 2311 (0'1’)
454 2267 602 2302 evanuit
626 2267 665 2302 in
689 2268 732 2303 V.
805 2271 837 2303 2.
862 2281 882 2303 τ
883 2268 942 2315 ῆς]
966 2281 1008 2313 τη
1034 2278 1068 2303 a.
1122 2269 1253 2315 YHT]
1280 2270 1317 2303 Π
1338 2278 1428 2303 corr.
1486 2265 1488 2292 ἓ

104 2325 146 2349 ex
173 2316 203 2348 Φ
228 2314 269 2349 V.
391 2318 421 2348 3
454 2314 541 2349 Post
563 2317 634 2350 ΒΚ
643 2317 678 2350 Γ
697 2314 780 2350 hab.
808 2313 826 2349 ὁ
853 2314 926 2358 ἄρα
951 2314 1072 2359 ἔτερος
1096 2315 1209 2351 αὑτοῦ
1233 2312 1345 2355 πόλος
1369 2326 1429 2349 ex·
