1494 2450
134 71 215 111 122
669 73 907 109 APPENDIX
1395 37 1398 40 ’
1488 59 1494 99 ¹

131 178 366 220 δύνουσιν·
416 178 562 221 λοιπαὶ
587 180 670 234 ἄρα
695 181 738 222 αὶ
765 183 874 235 ΜΛ,
903 185 998 225 ΘΗ
1023 182 1070 225 έν
1103 187 1179 240 ἴσῳ
1210 186 1349 238 χρόνω
1380 184 1460 234 δύῆζι
1490 171 1494 244 ᾗ

132 252 298 284 νουσιν.
334 242 492 295 ὁμοίως
516 245 569 298 δὴ
595 243 805 299 δείξομεν,
831 246 895 287 ὅτι
921 247 991 288 καὶ
1017 248 1060 288 αὶ
1087 249 1194 301 ΜΓ,
1220 250 1321 290 ΑΗ
1335 257 1461 304 περι-,ἱ
1490 248 1494 300 i

133 306 301 360 φέρειαι
339 306 387 348 ἐν
424 311 501 364 ἴσῳ
535 309 676 365 χρόνῳ
711 310 933 352 δύνουσιν.
981 310 1061 358 καὶ,
1084 310 1175 353 ἐπεὶ
1207 310 1255 353 ἐν
1287 313 1461 356 πλείονεὲ
1490 318 1494 366 fl

131 371 273 426 χρόνῳ
306 372 430 413 δύνει
454 371 480 425 ἡ
506 375 606 413 ΑΗ
631 373 882 427 περιφέρεια
911 376 1019 429 ἤπερ
1045 376 1070 429 ἡ
1097 378 1188 416 ΗΘ
1218 375 1287 417 καὶ
1313 376 1338 430 ἡ
1365 374 1460 418 H&
1491 384 1494 425 Ι

85 442 105 470 5
131 436 237 489 ἥπερ
271 436 296 489 ἡ
325 438 431 488 ΘΚ,
469 434 518 477 ἐν
547 438 714 478 πλείονι
746 438 828 491 ἄρα
860 439 999 494 χρόνῳ
1025 439 1148 480 δύνει
1174 440 1199 492 ἡ
1227 441 1319 480 ΓΜ
1337 454 1452 495 περι-
1492 463 1494 477 ι

65 765 106 798 10

65 1222 106 1252 15

62 1547 105 1578 20

62 1867 104 1897 25

63 2188 106 2218 30

130 497 281 553 φέρεια
305 500 413 553 ἤπερ
438 499 464 553 ἡ
491 503 600 554 ΜΛ,
625 501 694 542 καὶ
719 501 745 555 ἡ
771 504 863 543 ΜΛ
889 503 995 556 ἤπερ
1021 503 1047 556 ἡ
1067 505 1164 544 ΛΚ.
1197 503 1245 544 ἐν
1268 506 1458 561 πλείστῳ,
1493 505 1494 540 ἒ

130 564 212 617 ἄρα
237 564 378 620 χρόνῳ
403 565 618 606 δύνουσιν
643 566 685 607 αἱ
706 569 747 607 Α
756 568 818 615 Η,
841 568 939 607 ΜΓ
955 565 1237 621 περιφέρειαι,
1263 567 1310 608 ἐν
1334 566 1452 610 ἐλάσ-
1493 565 1494 613 ι

130 638 228 669 σονι
260 628 309 669 δὲ
334 629 377 669 αἱ
404 631 513 682 ΗΘ,
538 631 642 670 ΛΜ
667 629 714 671 ἐν
746 630 951 686 ἐλαχίστῳ
984 630 1032 672 δὲ
1065 631 1108 671 αἱ
1138 633 1245 683 ΘΚ,
1271 633 1376 686 ΛΚ,
1407 631 1453 673 ἐν
1493 671 1494 679 ³

133 695 210 747 ἴσῳ
244 691 292 733 δὲ
323 692 366 733 αἱ
400 696 497 734 ἴσον
527 691 763 746 ἀπέχουσαι
794 700 871 735 τοῦ
899 695 1150 748 ἰσημερινοῦ
1175 692 1246 735 καὶ
1272 696 1453 737 δύνουσι

132 754 203 796 καὶ
229 754 551 799 ἀνατέλλουσιν.

777 887 814 928 3.

608 966 680 1009 Ad
706 983 842 1023 prop.
869 969 979 1010 XIV.

586 1048 799 1100 ”Λλλως
829 1051 885 1092 τὸ
919 1050 995 1092 ιδ’.

178 1142 300 1186 ’Ἐστι
325 1143 373 1185 δὲ
399 1144 468 1184 καὶ
496 1143 603 1196 αὕτη
629 1141 802 1193 ἔκθεσις
828 1143 1069 1199 σαφεστέρα
1094 1151 1168 1198 τῆς
1192 1144 1414 1199 προτέρας.

189 1205 298 1250 ἔστω
326 1207 373 1250 ἐν
397 1209 541 1264 κόσμῳ
569 1207 723 1262 ὁρίζων
748 1207 771 1250 ὁ
793 1211 934 1260 ΑΒΓ,
959 1208 1031 1250 καὶ
1054 1208 1252 1262 μέγιστος
1271 1209 1350 1263 μὲν
1369 1216 1473 1252 τῶν

130 1271 196 1314 ἀεὶ
229 1279 431 1326 φανερῶν
463 1271 485 1313 ὁ
512 1275 661 1325 ΑΔΕ,
699 1271 897 1326 μέγιστος
928 1270 974 1314 δὲ
1005 1279 1093 1314 τῶν
1123 1272 1187 1314 ἀεὶ
1219 1272 1399 1328 ἀφανῶν
1431 1272 1453 1315 ὁ

134 1339 287 1389 ΖΗΘ,
321 1334 392 1377 καὶ
418 1336 596 1390 θερινὸς
619 1336 699 1390 μὲν
723 1337 924 1390 τροπικὸς
950 1333 1058 1378 ἔστω
1085 1337 1107 1378 ὁ
1135 1339 1236 1386 ΚΛ,
1273 1350 1474 1392 χειμερν*

130 1401 206 1449 νὸς
238 1398 285 1442 δὲ
316 1401 520 1455 τροπικὸς
552 1399 574 1441 ὁ
601 1402 694 1453 ΒΓ,
731 1399 801 1441 καὶ
833 1397 940 1441 ἔστω
973 1399 995 1441 ὁ
1030 1406 1108 1441 τοῦ
1134 1403 1270 1442 ΑΒΓ
1292 1402 1454 1442 κύκλου

130 1466 264 1514 πόλος
292 1462 450 1517 μεταξὺ
481 1471 568 1506 τῶν
594 1467 739 1517 ΑΔΕ,
771 1466 854 1506 ΚΛ
883 1464 1075 1517 κύκλων,
1111 1463 1182 1506 καὶ
1214 1462 1322 1506 ἔστω
1354 1463 1473 1506 ἀνα-’

130 1529 279 1570 τολικὰ
302 1528 383 1582 μὲν
406 1529 458 1570 τὰ
477 1530 530 1581 Λ,
552 1530 593 1569 Γ
610 1526 736 1583 μέρη,
763 1528 916 1569 δυτικὰ
941 1525 988 1569 δὲ
1013 1528 1064 1569 τὰ
1091 1530 1143 1581 Κ,
1166 1531 1221 1581 Β,
1247 1528 1474 1585 ζῳδιακοῦ

132 1590 179 1634 δὲ
209 1592 357 1642 θέσεις
386 1589 580 1634 ἔστωσαν
609 1597 687 1634 τοῦ
718 1593 822 1644 μετὰ
848 1593 924 1634 τὸν
951 1594 1174 1646 Καρκίνον
1199 1592 1478 1646 ἡμικυκλίου-ἲ

131 1658 174 1699 αἱ
213 1656 319 1706 ΝΞ,
358 1659 464 1698 ΟΠ.
512 1655 584 1698 καὶ
622 1656 880 1711 ἀπειλήφθω
917 1656 943 1709 ἡ
983 1659 1073 1698 ΟΠ
1114 1655 1364 1710 περιφέρεια
1399 1655 1472 1710 μὴΙῖ

131 1723 287 1774 μείζων
311 1721 570 1774 ἡμικυκλίου
595 1717 724 1773 οὖσα,
754 1719 825 1761 καὶ
851 1720 1089 1774 γεγράφθω
1116 1720 1189 1760 διὰ
1213 1725 1292 1760 τοῦ
1319 1722 1366 1760 Π
1385 1717 1471 1772 gad-5

132 1795 279 1838 γιστος
308 1785 466 1834 κύκλος
498 1783 794 1838 ἐφαπτόμενος
824 1790 901 1826 τοῦ
936 1787 1086 1825 ΑΔΕ·
1135 1783 1342 1837 ἐφάψεται
1374 1783 1475 1838 ἄραῤ

131 1848 201 1892 καὶ
227 1854 304 1891 τοῦ
327 1852 411 1890 ΖΗ
417 1851 463 1890 Θ.
507 1849 602 1902 ἤτοι
628 1848 680 1902 δὴ
707 1849 779 1890 διὰ
804 1855 881 1890 τοῦ
903 1851 940 1890 0
964 1850 1142 1902 σημείου
1168 1846 1258 1901 ἥξει
1283 1846 1454 1901 ἣὺπερ-

130 1919 319 1955 πεσεῖται
354 1914 401 1955 τὸ
430 1915 466 1953 Ο
502 1919 691 1966 σημεῖον.
746 1912 981 1966 γεγράφθω
1013 1911 1083 1953 καὶ
1114 1908 1221 1953 ἔστω
1253 1910 1275 1952 ὁ
1301 1913 1455 1963 ΕΘΠ,

131 1978 239 2018 ὥστε
277 1976 562 2030 ἀσύμπτωτον
596 1971 708 2018 εἶναι
739 1976 786 2018 τὸ
818 1975 900 2018 ἀπὸ
931 1981 1009 2017 τοῦ
1042 1979 1081 2016 Ε
1114 1975 1371 2029 ἡμικύκλιον
1400 1972 1482 2023 ὡς

132 2039 201 2083 ἐπὶ
225 2041 277 2082 τὰ
302 2044 353 2093 Ε,
379 2040 427 2093 Ξ,
457 2044 502 2081 Π
534 2039 639 2094 μέρη
674 2045 734 2095 τῷ
765 2039 847 2082 ἀπὸ
874 2045 951 2081 τοῦ
977 2043 1018 2080 Α
1042 2039 1278 2094 ἡμικυκλίῳ
1305 2038 1361 2088 ὡς
1386 2035 1456 2079 ἐπὶ
1480 2055 1482 2058 ·

132 2106 182 2147 τὰ
203 2109 257 2155 Α,
278 2107 330 2158 Κ,
353 2107 389 2146 Ρ
401 2103 522 2159 μέρη,
547 2104 619 2146 καὶ
643 2103 1220 2157 προςαναπεπληρώσθωσαν
1253 2103 1294 2144 οὶ
1320 2101 1413 2149 ΞΝ
1414 2115 1455 2152 ς,
1470 2102 1475 2125 ³·

133 2172 182 2211 Π
188 2171 270 2211 ΟΡ
295 2169 457 2210 κύκλοι.
507 2165 596 2210 ἐπεὶ
621 2166 669 2209 ἐν
695 2170 859 2223 σφαίρᾳ
883 2167 1082 2220 μέγιστος
1106 2167 1262 2214 κύκλος
1291 2165 1408 2207 ἐστὶν
1432 2164 1455 2206 ὁ
1477 2175 1481 2187 ²

192 2265 222 2294 5.
248 2259 272 2304 ἡ
298 2261 391 2304 (pr.)]
419 2259 501 2293 add.
522 2271 569 2294 m.
590 2263 609 2293 2
631 2258 714 2293 vat.
763 2257 901 2294 πλείονι
942 2271 991 2292 -ι-
1006 2257 1100 2310 pdd.
1121 2269 1166 2291 m.
1189 2261 1208 2291 2
1229 2256 1310 2291 Vnt.
1359 2257 1455 2290 Ante
1477 2248 1483 2291 s

131 2307 154 2351 ἡ
179 2306 274 2351 (alb.)
308 2306 393 2341 add.
419 2304 480 2340 καί
507 2317 552 2340 m.
581 2309 600 2340 2
626 2304 710 2341 Vass.
808 2308 861 2339 10.
921 2315 975 2348 eq.
1003 2315 1041 2338 1n
1068 2304 1152 2339 Vat.
1178 2302 1289 2338 schol.
1315 2314 1367 2337 nr.
1389 2305 1454 2336 122
