1494 2450
1448 0 1475 52 Ξ

1450 51 1472 69 ,ῗὲ

1456 76 1474 104 5²

181 66 267 108 214
573 69 826 102 EJZAmrH
848 69 1123 104 APMONIKH.

180 174 207 228 ἡ
241 179 318 215 τοῦ
355 173 666 228 διεζευγμένων
698 175 768 216 καὶ
802 180 880 216 τοῦ
914 174 1231 229 ὑπερβολαίων·
1279 178 1423 228 κοινὸς
1449 171 1494 226 δὲ

180 237 288 293 αὐτῇ
321 237 527 279 συνάπτει
561 239 761 292 φθόγγος
790 240 896 292 νήτη
931 239 1252 294 διεζευγμένων.
1296 242 1494 301 διάζευξις

180 300 231 343 δέ
254 300 343 343 ἐστι
369 304 444 354 μιά
469 302 495 356 ἡ
520 308 598 344 τοῦ
623 301 767 356 μέσων
791 301 861 344 καὶ
887 310 1029 356 νητῶν
1054 304 1379 359 διεζευγμένων·
1413 307 1494 357 noi-

179 365 255 415 νὸς
280 363 327 407 δε
346 365 455 407 αὐτὰ
475 367 751 420 διαζεύγνυσι
769 368 895 416 τόνος
915 366 937 408 ὁ
956 366 1112 421 μεταξὺ
1131 367 1261 422 μέσης
1280 368 1349 411 καὶ
1368 377 1494 424 παρὰ·

133 440 152 470 5
178 428 318 483 μέσης.

236 492 404 535 τέλεια
435 492 486 535 δέ
515 492 606 535 ἐστι
636 495 883 548 συστήματα
914 494 1014 549 δύο,
1046 492 1108 537 ὧν
1132 496 1180 538 τὸ
1205 494 1285 551 μὲν
1309 495 1494 552 ἔλαττον,

179 557 227 598 τὸ
254 555 302 598 δὲ
326 560 482 611 μεῖζον.
525 556 597 599 καὶ
622 555 713 600 ἔστι
737 558 785 599 τὸ
810 556 890 610 μὲν
913 556 1092 600 ἔλαττον
1117 561 1241 601 κατὰ
1265 561 1494 617 συναφὴν

179 620 262 663 ἀπὸ
282 621 727 676 προσλαμβανομένου
749 621 817 664 ἐπὶ
836 624 971 677 νήτην
991 622 1288 677 συνημμένων.
1319 624 1492 680 ὑπάρχει

179 682 228 727 δὲ
254 684 302 726 ἐν
327 685 443 742 αὐτῷ
468 686 730 741 τετράχορδα
761 686 857 740 τρία
883 686 1134 741 συνημμένα
1158 689 1276 730 τάδε·
1325 689 1494 733 ὑπάτων

110 760 152 791 10
177 748 323 803 μέσων
354 749 660 804 συνημμένων,
691 748 762 791 καὶ
795 751 919 799 τόνος
950 749 1031 793 ἀπὸ
1057 752 1494 809 προσλαμβανομένου

178 812 246 855 ε’πὶ
272 813 442 868 ὑπάτην
466 812 659 855 ὑπάτων·
711 815 930 871 συμφώνῳ
962 812 1009 856 δὲ
1035 815 1218 869 ὁρίζεται
1242 821 1301 874 τῷ
1327 817 1398 859 διὰ
1422 829 1494 868 πα)-

178 884 269 919 σῶν
292 876 363 919 καὶ
389 877 461 919 διὰ
486 878 716 932 τεσσάρων.

235 941 283 983 τὸ
323 941 371 983 δὲ
406 943 551 994 μεῖζόν
589 941 678 983 ἐστι
712 944 835 984 κατὰ
870 942 1130 994 διάζευξιν
1163 943 1245 986 ἀπὸ
1282 948 1494 1000 προσλαμ-

176 1004 422 1059 βανομένου
450 1003 518 1047 ἐπὶ
544 1007 679 1060 νήτην
704 1006 1016 1061 ὑπερβολαίων.
1050 1007 1230 1062 ὑπάρχει
1251 1006 1298 1050 δὲ
1318 1008 1365 1050 ἐν
1383 1009 1494 1067 αὐτῷ

109 1081 150 1112 15
177 1069 442 1124 τετράχορδα
472 1069 552 1123 μὲν
582 1069 767 1126 τέσσαρα
799 1072 872 1113 διὰ
902 1072 1029 1113 δυοῖν
1054 1070 1342 1125 διεζευγμένοι,
1376 1071 1494 1128 ἀλλή-

176 1136 268 1182 λοις
299 1133 347 1175 δὲ
379 1132 643 1188 συνημμένα,
677 1135 726 1176 τό
757 1150 802 1176 τε
832 1135 1010 1177 ὑπάτων
1034 1135 1104 1176 καὶ
1129 1134 1285 1189 μέσων,
1319 1134 1389 1177 καὶ
1414 1137 1494 1186 διε·-

177 1196 420 1251 ζευγμένων
456 1196 527 1239 καὶ
563 1197 878 1252 ὑπερβολαίων,
914 1198 985 1240 καὶ
1021 1197 1084 1241 ἔτι
1120 1201 1240 1241 τόνοι
1272 1200 1366 1254 δύο,
1400 1199 1423 1241 ὅ
1453 1215 1494 1243 τε

176 1260 259 1304 ἀπὸ
291 1261 735 1339 προσλαμβανομένου
767 1261 837 1304 ἐπὶ
868 1263 1036 1317 ὑπάτην
1070 1263 1246 1305 ὑπάτων
1269 1262 1341 1305 καὶ
1367 1263 1389 1306 ὁ
1414 1263 1494 1307 ἀπὸ

174 1324 422 1380 παραμέσης
453 1324 521 1367 ἐπὶ
552 1325 698 1380 μέσην.
749 1328 969 1383 συμφώνῳ
1004 1324 1052 1368 δὲ
1083 1328 1311 1382 διορίζεται
1342 1333 1399 1384 τῷ
1430 1318 1494 1379 δὶὸ

106 1401 150 1433 20
177 1390 250 1430 διὰ
273 1397 436 1432 πασῶν.
1492 1423 1494 1426 -

232 1452 358 1495 πέντε
385 1451 433 1495 δὲ
457 1454 598 1495 όντων
622 1455 920 1510 τετραχόρδων
946 1454 993 1496 ἐν
1020 1460 1076 1511 τῷ
1103 1454 1397 1509 ἆμεταβόλῳ
1423 1446 1494 1508 σιν-ξ

176 1518 375 1572 στήματι,
410 1517 514 1573 ὅπερ
550 1516 668 1559 ἐστὶν
702 1517 744 1568 ἐξ
777 1517 942 1572 ἀμφοῖν
966 1519 1150 1561 τελείοιν
1175 1519 1412 1572 σύνθετον,
1445 1516 1494 1588 u}

173 1579 254 1635 μὲν
279 1581 359 1623 δύο
386 1582 512 1623 κοινά
531 1581 690 1624 ἐστιν
669 1581 851 1639 εκατέρω
872 1589 959 1624 τῶν
977 1584 1166 1635 τελείων,
1190 1584 1239 1625 τό
1259 1598 1302 1624 τε
1322 1583 1468 1625 ὑπάτω

173 1646 244 1687 καὶ
269 1645 429 1700 μέσων·
474 1647 563 1688 ἴδια
597 1646 646 1688 δὲ
678 1652 756 1688 τοῦ
789 1645 869 1700 μὲν
901 1647 1008 1688 κατὰ
1042 1648 1245 1701 συναφὴν
1274 1647 1322 1688 τὸ
1356 1654 1469 1702 νητῶ

103 1724 147 1754 25
174 1708 475 1764 συνημμένων,
500 1716 578 1752 τοῦ
605 1710 652 1752 δὲ
670 1711 776 1752 κατὰ
796 1709 1010 1761 διάζευξιν
1029 1711 1076 1752 τὸ
1097 1718 1239 1764 νητῶν
1259 1711 1453 1766 διεζευγμ

174 1789 265 1815 νων
289 1774 359 1816 καὶ
385 1781 528 1828 νητῶν
552 1774 864 1828 ὑπερβολαίων.

234 1838 299 1879 11.
338 1841 397 1892 Τῇ
423 1835 471 1879 δὲ
490 1844 568 1879 τοῦ
589 1838 907 1893 ἀμεταβόλου
927 1837 996 1880 καὶ
1017 1836 1306 1892 ἐμμεταβόλου
1328 1840 1463 1881 διοίσε

172 1901 281 1943 καθ’
305 1901 360 1956 ἣν
394 1901 592 1956 διαφέρει
625 1903 677 1944 τὰ
710 1901 823 1944 ἁπλᾶ
857 1905 1105 1957 συστήματα
1138 1910 1225 1944 τῶν
1254 1904 1310 1958 μὴ
1336 1896 1494 1945 ἁπλῶν

173 1965 286 2008 ἁπλᾶ
328 1966 408 2020 μὲν
451 1963 532 2008 οὗν
568 1965 657 2008 ἐστι
693 1968 745 2008 τὰ
781 1967 889 2020 πρὸς
924 1969 1029 2019 μίαν
1064 1966 1200 2022 μέσην
1235 1966 1482 2022 ἡρμοσμένα

103 2047 147 2078 30
173 2030 305 2072 διπλᾶ
330 2030 379 2072 δὲ
403 2030 454 2072 τὰ
478 2031 587 2084 πρὸς
611 2031 706 2084 δύο,
731 2033 887 2084 τριπλᾶ
912 2030 960 2072 δὲ
983 2031 1036 2072 τὰ
1060 2032 1167 2086 πρὸς
1191 2039 1318 2085 τρεῖς,
1342 2034 1450 2073 πολλ

231 2161 261 2191 1.
287 2157 322 2202 ἡ]
348 2156 411 2196 N'
436 2157 459 2202 ἡ
485 2158 524 2192 ἐκ
549 2157 592 2200 Β,
618 2158 658 2192 ἐκ
683 2157 743 2191 N¹.
812 2161 844 2192 3
869 2157 908 2204 ἡ]
935 2158 957 2203 ἡ
983 2158 1022 2193 ἐκ
1048 2157 1127 2200 ΝΒ,
1153 2159 1192 2194 ἐκ
1217 2157 1312 2193 MW.
1362 2163 1479 2203 νητῶν

171 2217 232 2247 νη·
258 2203 296 2237 in
320 2203 374 2238 lit
395 2204 459 2238 M⁴.
521 2208 553 2238 4.
579 2203 689 2250 αὐτά]
715 2204 829 2247 αὐτήν
848 2204 905 2238 W.
954 2203 1074 2250 τόνος]
1098 2204 1210 2246 τόπος
1228 2204 1284 2239 W.
1346 2208 1377 2239 8.
1403 2202 1482 2240 ἀπὸ.

171 2261 238 2284 om.
266 2250 323 2293 W,
348 2263 396 2285 πο
421 2250 474 2284 M⁴
500 2261 618 2294 supra.
690 2250 816 2296 νήτην]
843 2251 907 2293 M4,
932 2251 1021 2295 νήτη
1046 2251 1109 2286 M1.
1218 2255 1270 2285 12.
1297 2252 1476 2298 συμφώνῳ

171 2309 230 2331 -ον
255 2296 311 2332 W.
361 2296 420 2344 τῷ]
446 2296 486 2332 τό
513 2296 569 2339 W,
596 2297 685 2331 item
709 2296 771 2332 lin.
794 2301 846 2332 19.
935 2302 986 2332 16.
1013 2298 1064 2344 τε]
1090 2309 1158 2333 om.
1186 2297 1243 2331 W.
1327 2301 1380 2334 19.
1407 2308 1449 2332 συ
