1494 2450
10 478 13 480 ,
111 427 155 471 Si
186 428 306 483 quies
331 428 388 470 sit
413 433 456 472 et
481 429 774 485 immobilitas,
806 429 1023 472 silentium
1053 429 1130 486 sit;
1162 430 1229 472 sin
1255 431 1398 472 autem

20 529 22 535 ,
54 493 267 538 silentium
301 495 357 536 sit
390 508 468 536 1166
500 494 734 550 quidquam
766 498 1008 550 moveatur,
1042 495 1151 537 nihil
1183 495 1399 552 audiatur3

8 554 13 607 ἦ
53 559 246 615 quocirca
291 559 327 601 si
366 559 469 615 quid
506 560 644 602 audiri
682 560 828 616 debet,
871 561 1005 603 ictum
1045 575 1216 603 11666886
1254 564 1320 603 est
1357 563 1400 603 et

11 644 13 646 ·
53 627 211 667 motum
243 627 370 667 antea
399 625 504 667 fieri.
555 625 713 681 itaque,
745 628 947 681 quoniam
982 641 1129 668 omnes
1156 627 1251 668 soni
1276 627 1399 681 fiunt,

54 687 146 733 cum
171 690 326 745 aliquis
352 690 463 732 ictus
488 691 551 746 fit,
585 691 696 733 ictus
723 694 865 734 autem
892 692 986 734 fieri
1013 706 1097 734 non
1125 694 1282 748 potest,
1314 692 1399 734 11181
1450 703 1469 733 5

52 758 190 811 motus
215 757 341 798 antea
371 756 511 798 factus
537 759 614 813 est,
640 782 695 788 —
724 760 916 799 motuum
945 759 1087 801 autem
1115 757 1189 799 alii
1218 757 1400 800 crebrio-

52 814 116 864 168
152 824 267 877 sunt,
305 821 378 863 alii
416 822 599 864 rariores
638 825 767 879 atque
806 823 1041 866 crebriores
1074 823 1285 866 acutiores
1312 823 1399 865 effi-

53 884 168 930 ciunt
191 901 331 929 sonos.
361 887 546 930 rariores
573 903 671 931 vero
698 889 914 945 graviores
935 914 990 918 —
1012 889 1119 931 alios
1146 903 1316 931 necesse
1335 892 1400 931 est

18 999 20 1002 ¹
51 947 258 995 acutiores
284 966 387 1007 esse,
415 953 619 1008 quoniam
647 953 818 1008 quidem
845 968 896 995 ex
924 953 1213 996 crebrioribus
1240 956 1284 996 et
1307 953 1399 1008 plu-

9 1068 11 1071 ,
51 1016 167 1060 ribus
191 1017 379 1060 motibus
406 1020 507 1061 sunt
532 1019 773 1074 compositi,
805 1020 913 1061 alios
940 1020 1170 1076 graviores,
1197 1019 1398 1075 quoniam
1427 1031 1470 1062 10

53 1094 102 1126 ex
136 1083 367 1126 rarioribus
405 1087 448 1127 et
484 1085 759 1140 paucioribus
798 1085 988 1127 motibus
1024 1087 1125 1127 sunt
1156 1085 1397 1140 compositi.

17 1178 19 1184 x
51 1146 191 1204 itaque
216 1148 258 1204 ii,
284 1149 358 1204 qui
383 1150 497 1192 iusto
524 1150 735 1193 acutiores
761 1153 875 1205 sunt,
901 1165 997 1193 cum
1018 1151 1231 1206 laxantur,
1256 1153 1399 1193 motus

52 1211 307 1258 detractione
332 1215 494 1258 iustum
522 1219 853 1271 consequuntur,
884 1216 914 1258 ii
940 1230 1054 1271 vero,
1079 1217 1154 1271 qui
1179 1217 1399 1273 graviores

53 1281 160 1334 aaut,
196 1294 292 1322 cum
329 1281 623 1336 intenduntur,
659 1285 803 1324 motus
837 1282 1074 1325 adiectione
1106 1282 1268 1324 iustum
1300 1296 1399 1325 con-

52 1347 294 1400 sequuntur.
321 1347 599 1401 quamobrem
620 1347 847 1390 dicendum
869 1350 945 1402 est,
965 1362 1017 1390 ex
1030 1347 1255 1402 particulis
1270 1362 1398 1390 sonos
1427 1359 1469 1390 15

52 1421 140 1453 osse
152 1411 425 1468 compositos,
439 1412 641 1467 quoniam
657 1412 892 1455 adiectione
906 1414 949 1455 et
962 1412 1226 1456 detractione
1236 1413 1398 1455 iustum

52 1478 375 1531 consequuntur.
427 1477 571 1520 omnia
605 1480 748 1520 autem
763 1512 774 1533 ,
813 1493 921 1533 quae
957 1492 1007 1520 ex
1040 1478 1266 1534 particulis
1299 1481 1401 1521 sunt

12 1541 295 1597 veomposita,
319 1542 487 1584 numeri
512 1543 680 1586 ratione
705 1543 818 1585 inter
845 1558 889 1586 86
915 1557 1005 1586 6886
1033 1543 1245 1598 dicuntur,
1271 1544 1333 1586 ita
1351 1547 1401 1586 ut

11 1632 15 1641 ·
52 1603 108 1649 iit
133 1620 303 1649 necesse
334 1622 462 1651 sonos
495 1622 665 1664 quoque
696 1610 864 1651 numeri
896 1609 1063 1651 ratione
1098 1609 1212 1651 inter
1237 1623 1282 1651 86
1307 1623 1399 1652 6886

49 1665 150 1779 ἓοίς
173 1687 448 1715 numerorum
475 1676 619 1716 autem
645 1674 719 1716 alii
746 1674 791 1716 in
817 1674 1045 1730 multiplici
1069 1674 1235 1716 ratione
1256 1674 1400 1717 dicun·
1426 1686 1471 1718 20

11 1760 15 1769 ·
51 1737 57 1781 ζ
98 1750 130 1792 r,
164 1737 236 1779 alii
270 1737 313 1780 in
346 1739 738 1795 superparticulari,
772 1739 847 1781 alii
880 1740 922 1781 in
951 1741 1305 1795 superpartiente,
1339 1741 1399 1782 ita

44 1801 100 1848 ᾖ
122 1802 372 1847 nit-neeesse
396 1805 526 1846 etiam
554 1819 681 1847 sonos
708 1805 752 1847 in
778 1805 937 1847 talibus
963 1805 1204 1848 rationibus
1224 1806 1337 1848 inter
1356 1821 1400 1848 se

42 1870 51 1891 ·‘
97 1880 141 1910 se
177 1867 269 1911 dici.
321 1884 374 1911 ex
403 1869 472 1912 his
503 1870 767 1925 multiplices
801 1873 843 1912 et
875 1871 1282 1926 superparticulares
1315 1886 1399 1914 uno

14 1951 17 1962 Δ
46 1934 53 1961 ῗ-
75 1928 78 1929 ’
108 1932 220 1975 1111116
246 1934 358 1978 inter
383 1949 426 1978 86
452 1938 768 1991 nuncupantur.

110 1996 416 2055 Gognoscimus
461 2001 612 2057 etiam,
657 2016 859 2044 sonorum
899 2002 1006 2044 alios
1045 2017 1137 2045 6886
1175 2017 1400 2057 6011801108,
1427 2014 1470 2045 25

19 2070 22 2077 ’
97 2061 155 2105 ‘os
177 2063 386 2120 dissonos,
410 2068 452 2108 et
471 2080 682 2109 consonos
703 2067 873 2122 quidem
897 2082 1025 2109 unam
1044 2068 1399 2124 temperationem

126 2129 334 2173 ambobus
359 2131 538 2185 efficere,
564 2131 761 2174 dissonos
788 2147 888 2175 vero
915 2147 1000 2174 non
1025 2133 1140 2175 item.
1173 2148 1282 2189 quae
1301 2148 1397 2175 cum

111 2225 164 2257 11.
189 2223 222 2257 A
246 2223 428 2269 κινήσεων
455 2224 503 2259 ad
527 2224 552 2260 l.
576 2229 618 2259 12
651 2225 832 2270 κινήσεων
859 2226 1048 2262 aberravit
1073 2227 1138 2262 M1.
1190 2227 1299 2262 addit
1323 2239 1398 2272 mg.

5 2283 22 2286 ’
79 2265 118 2313 ⁷¹·
167 2273 222 2305 13.
248 2269 465 2317 ἀνειμένους
485 2272 544 2308 W.
597 2277 652 2308 14.
678 2273 859 2318 κινήσεων
885 2274 992 2309 codd.
1045 2278 1101 2310 15.
1126 2274 1305 2319 προθέσει
1330 2274 1399 2318 Μῑ,

165 2316 229 2354 1111.
258 2321 313 2354 17.
387 2323 443 2354 21.
469 2318 660 2356 malaci-iot
683 2321 731 2356 M.
806 2324 862 2355 23.
889 2320 1027 2369 λόγοις]
1054 2333 1167 2367 supra
1192 2333 1259 2357 scr.
1285 2322 1351 2358 Μ’.

100 2389 108 2398 .
132 2365 277 2412 κρᾶσιν]
303 2367 440 2410 πρᾶξιν
464 2366 522 2402 W.
597 2371 653 2403 29.
681 2368 740 2414 οὔ]
767 2368 824 2403 M'
846 2368 886 2403 in
912 2380 983 2405 ras.
1010 2367 1172 2415 ἐχόντων
1198 2368 1315 2411 οὕτως
1339 2369 1398 2405 W.
