<?xml version="1.0" encoding="UTF-8"?>
<!DOCTYPE html PUBLIC "-//W3C//DTD XHTML 1.0 Transitional//EN"
    "http://www.w3.org/TR/xhtml1/DTD/xhtml1-transitional.dtd">
<html xmlns="http://www.w3.org/1999/xhtml" xml:lang="en" lang="en">
 <head>
  <title>
</title>
<meta http-equiv="Content-Type" content="text/html;charset=utf-8" />
  <meta name='ocr-system' content='tesseract 3.04.00' />
  <meta name='ocr-capabilities' content='ocr_page ocr_carea ocr_par ocr_line ocrx_word'/>
</head>
<body>
  <div class='ocr_page' id='page_1' title='image "./euclidisoperaomn08eucluoft_0080.png"; bbox 0 0 1494 2450; ppageno 0'>
   <div class='ocr_carea' id='block_1_1' title="bbox 109 91 916 132">
    <p class='ocr_par' dir='ltr' id='par_1_1' title="bbox 109 91 916 132">
     <span class='ocr_line' id='line_1_1' title="bbox 109 91 916 132; baseline -0.001 -7"><span class='ocrx_word' id='word_1_1' title='bbox 109 91 165 132; x_wconf 82' lang='lat'><strong><em>22</em></strong></span> <span class='ocrx_word' id='word_1_2' title='bbox 611 93 735 125; x_wconf 87' lang='grc' dir='ltr'><em>ΦΑΙΝ</em></span> <span class='ocrx_word' id='word_1_3' title='bbox 737 92 814 126; x_wconf 94' lang='grc' dir='ltr'><strong><em>ΟΜ</em></strong></span> <span class='ocrx_word' id='word_1_4' title='bbox 815 93 885 125; x_wconf 89' lang='grc' dir='ltr'><strong><em>ΕΝ</em></strong></span> <span class='ocrx_word' id='word_1_5' title='bbox 886 93 916 124; x_wconf 89' lang='grc' dir='ltr'><em>Λ</em></span> 
     </span>
    </p>
   </div>
   <div class='ocr_carea' id='block_1_2' title="bbox 43 201 1494 1800">
    <p class='ocr_par' dir='ltr' id='par_1_2' title="bbox 43 201 1494 1800">
     <span class='ocr_line' id='line_1_2' title="bbox 109 201 1432 258; baseline 0.001 -14"><span class='ocrx_word' id='word_1_6' title='bbox 109 211 226 257; x_wconf 88' lang='grc' dir='ltr'><strong><em>τεμεῖ</em></strong></span> <span class='ocrx_word' id='word_1_7' title='bbox 255 202 326 245; x_wconf 89' lang='grc' dir='ltr'><strong><em>καὶ</em></strong></span> <span class='ocrx_word' id='word_1_8' title='bbox 358 204 466 257; x_wconf 90' lang='grc' dir='ltr'><strong><em>πρὸς</em></strong></span> <span class='ocrx_word' id='word_1_9' title='bbox 497 204 649 257; x_wconf 83' lang='grc' dir='ltr'><strong><em>ὀρθάς·</em></strong></span> <span class='ocrx_word' id='word_1_10' title='bbox 688 202 824 257; x_wconf 82' lang='grc' dir='ltr'><strong><em>ὀρθὸς</em></strong></span> <span class='ocrx_word' id='word_1_11' title='bbox 853 204 936 257; x_wconf 76' lang='grc' dir='ltr'><strong><em>ἄρα</em></strong></span> <span class='ocrx_word' id='word_1_12' title='bbox 968 201 1085 244; x_wconf 82' lang='grc' dir='ltr'><strong><em>ἐστὶν</em></strong></span> <span class='ocrx_word' id='word_1_13' title='bbox 1109 201 1132 243; x_wconf 90' lang='lat'>6</span> <span class='ocrx_word' id='word_1_14' title='bbox 1157 202 1245 244; x_wconf 84' lang='grc' dir='ltr'><strong><em>τῶν</em></strong></span> <span class='ocrx_word' id='word_1_15' title='bbox 1269 202 1432 258; x_wconf 79' lang='grc' dir='ltr'><em>ζῳδίων</em></span> 
     </span>
     <span class='ocr_line' id='line_1_3' title="bbox 108 267 727 323; baseline -0.002 -14"><span class='ocrx_word' id='word_1_16' title='bbox 108 269 264 316; x_wconf 75' lang='grc' dir='ltr'><strong><em>κύκλος</em></strong></span> <span class='ocrx_word' id='word_1_17' title='bbox 287 268 394 322; x_wconf 89' lang='grc' dir='ltr'><strong><em>πρὸς</em></strong></span> <span class='ocrx_word' id='word_1_18' title='bbox 418 269 495 310; x_wconf 89' lang='grc' dir='ltr'><strong><em>τὸν</em></strong></span> <span class='ocrx_word' id='word_1_19' title='bbox 520 267 727 323; x_wconf 79' lang='grc' dir='ltr'><strong><em>ὁρίζοντα.</em></strong></span> 
     </span>
     <span class='ocr_line' id='line_1_4' title="bbox 167 330 1435 386; baseline -0.002 -12"><span class='ocrx_word' id='word_1_20' title='bbox 167 331 274 374; x_wconf 79' lang='grc' dir='ltr'><strong><em>ἔστω</em></strong></span> <span class='ocrx_word' id='word_1_21' title='bbox 301 332 349 374; x_wconf 79' lang='grc' dir='ltr'><strong><em>δὲ</em></strong></span> <span class='ocrx_word' id='word_1_22' title='bbox 374 332 395 374; x_wconf 97' lang='lat'>6</span> <span class='ocrx_word' id='word_1_23' title='bbox 422 333 553 381; x_wconf 89' lang='grc' dir='ltr'><strong><em>πόλος</em></strong></span> <span class='ocrx_word' id='word_1_24' title='bbox 577 338 655 373; x_wconf 92' lang='grc' dir='ltr'><strong><em>τοῦ</em></strong></span> <span class='ocrx_word' id='word_1_25' title='bbox 682 331 899 386; x_wconf 78' lang='grc' dir='ltr'><strong><em>ὁρίζοντος</em></strong></span> <span class='ocrx_word' id='word_1_26' title='bbox 923 330 1079 383; x_wconf 82' lang='grc' dir='ltr'><strong><em>μεταξὺ</em></strong></span> <span class='ocrx_word' id='word_1_27' title='bbox 1105 338 1191 371; x_wconf 83' lang='grc' dir='ltr'><strong><em>τῶν</em></strong></span> <span class='ocrx_word' id='word_1_28' title='bbox 1218 338 1435 386; x_wconf 75' lang='grc' dir='ltr'><strong><em>τροπικῶν</em></strong></span> 
     </span>
     <span class='ocr_line' id='line_1_5' title="bbox 107 393 1432 450; baseline -0.002 -12"><span class='ocrx_word' id='word_1_29' title='bbox 107 398 155 438; x_wconf 92' lang='grc' dir='ltr'><strong><em>τὸ</em></strong></span> <span class='ocrx_word' id='word_1_30' title='bbox 183 399 220 437; x_wconf 90' lang='lat' dir='ltr'><strong><em>O</em></strong></span> <span class='ocrx_word' id='word_1_31' title='bbox 245 404 439 450; x_wconf 84' lang='grc' dir='ltr'><strong><em>σημεῖον·</em></strong></span> <span class='ocrx_word' id='word_1_32' title='bbox 471 395 593 449; x_wconf 77' lang='grc' dir='ltr'><strong><em>λέγω,</em></strong></span> <span class='ocrx_word' id='word_1_33' title='bbox 625 396 690 437; x_wconf 83' lang='grc' dir='ltr'><strong><em>ὅτι</em></strong></span> <span class='ocrx_word' id='word_1_34' title='bbox 722 396 789 444; x_wconf 83' lang='grc' dir='ltr'><strong><em>δὶς</em></strong></span> <span class='ocrx_word' id='word_1_35' title='bbox 812 393 931 436; x_wconf 79' lang='grc' dir='ltr'><strong><em>ἔσται</em></strong></span> <span class='ocrx_word' id='word_1_36' title='bbox 957 394 980 436; x_wconf 90' lang='lat'>6</span> <span class='ocrx_word' id='word_1_37' title='bbox 1008 397 1090 436; x_wconf 84' lang='lat' dir='ltr'><strong><em>KA</em></strong></span> <span class='ocrx_word' id='word_1_38' title='bbox 1115 395 1271 443; x_wconf 83' lang='grc' dir='ltr'><strong><em>κύκλος</em></strong></span> <span class='ocrx_word' id='word_1_39' title='bbox 1298 394 1432 448; x_wconf 70' lang='grc' dir='ltr'><strong><em>ὀρθὸς</em></strong></span> 
     </span>
     <span class='ocr_line' id='line_1_6' title="bbox 63 460 554 515; baseline -0.004 -13"><span class='ocrx_word' id='word_1_40' title='bbox 63 463 83 493; x_wconf 82' lang='lat'>5</span> <span class='ocrx_word' id='word_1_41' title='bbox 108 461 216 515; x_wconf 87' lang='grc' dir='ltr'><strong><em>πρὸς</em></strong></span> <span class='ocrx_word' id='word_1_42' title='bbox 241 461 319 502; x_wconf 91' lang='grc' dir='ltr'><strong><em>τὸν</em></strong></span> <span class='ocrx_word' id='word_1_43' title='bbox 345 460 554 513; x_wconf 79' lang='grc' dir='ltr'><strong><em>ὁρίζοντα.</em></strong></span> 
     </span>
     <span class='ocr_line' id='line_1_7' title="bbox 167 522 1437 579; baseline -0.002 -13"><span class='ocrx_word' id='word_1_44' title='bbox 167 525 494 579; x_wconf 73' lang='grc' dir='ltr'><strong><em>γεγράφθωσαν</em></strong></span> <span class='ocrx_word' id='word_1_45' title='bbox 528 524 600 565; x_wconf 86' lang='grc' dir='ltr'><strong><em>διὰ</em></strong></span> <span class='ocrx_word' id='word_1_46' title='bbox 633 529 710 565; x_wconf 87' lang='grc' dir='ltr'><strong><em>τοῦ</em></strong></span> <span class='ocrx_word' id='word_1_47' title='bbox 749 527 785 566; x_wconf 91' lang='grc' dir='ltr'><em>Ο</em></span> <span class='ocrx_word' id='word_1_48' title='bbox 817 525 955 565; x_wconf 82' lang='grc' dir='ltr'><strong><em>πόλου</em></strong></span> <span class='ocrx_word' id='word_1_49' title='bbox 987 522 1180 576; x_wconf 81' lang='grc' dir='ltr'><strong><em>μέγιστοι</em></strong></span> <span class='ocrx_word' id='word_1_50' title='bbox 1214 523 1364 564; x_wconf 87' lang='grc' dir='ltr'><strong><em>κύκλοι</em></strong></span> <span class='ocrx_word' id='word_1_51' title='bbox 1396 523 1437 564; x_wconf 78' lang='grc' dir='ltr'><strong><em>οἱ</em></strong></span> 
     </span>
     <span class='ocr_line' id='line_1_8' title="bbox 112 585 1438 643; baseline -0.002 -13"><span class='ocrx_word' id='word_1_52' title='bbox 112 592 155 630; x_wconf 88' lang='grc' dir='ltr'><strong><em>Σ</em></strong></span> <span class='ocrx_word' id='word_1_53' title='bbox 164 591 257 643; x_wconf 88' lang='lat' dir='ltr'><strong><em>OT,</em></strong></span> <span class='ocrx_word' id='word_1_54' title='bbox 283 592 332 630; x_wconf 92' lang='grc' dir='ltr'><strong><em>Π</em></strong></span> <span class='ocrx_word' id='word_1_55' title='bbox 338 591 422 630; x_wconf 92' lang='grc' dir='ltr'><strong><em>ΟΡ</em></strong></span> <span class='ocrx_word' id='word_1_56' title='bbox 446 587 736 641; x_wconf 81' lang='grc' dir='ltr'><strong><em>ἐφαπτόμενοι</em></strong></span> <span class='ocrx_word' id='word_1_57' title='bbox 768 593 845 629; x_wconf 87' lang='grc' dir='ltr'><strong><em>τοῦ</em></strong></span> <span class='ocrx_word' id='word_1_58' title='bbox 870 590 959 628; x_wconf 90' lang='lat' dir='ltr'><strong><em>AH</em></strong></span> <span class='ocrx_word' id='word_1_59' title='bbox 964 589 1016 628; x_wconf 89' lang='lat' dir='ltr'><em>M</em></span> <span class='ocrx_word' id='word_1_60' title='bbox 1021 587 1062 628; x_wconf 93' lang='lat' dir='ltr'><strong><em>K</em></strong></span> <span class='ocrx_word' id='word_1_61' title='bbox 1072 600 1079 607; x_wconf 91' lang='lat'><strong>·</strong></span> <span class='ocrx_word' id='word_1_62' title='bbox 1119 585 1361 641; x_wconf 79' lang='grc' dir='ltr'><strong><em>ἐφάψονται</em></strong></span> <span class='ocrx_word' id='word_1_63' title='bbox 1386 587 1438 640; x_wconf 85' lang='grc' dir='ltr'><strong><em>δὴ</em></strong></span> 
     </span>
     <span class='ocr_line' id='line_1_9' title="bbox 113 650 1438 695; baseline -0.002 -1"><span class='ocrx_word' id='word_1_64' title='bbox 113 651 186 695; x_wconf 86' lang='grc' dir='ltr'><strong><em>καὶ</em></strong></span> <span class='ocrx_word' id='word_1_65' title='bbox 210 659 289 694; x_wconf 92' lang='grc' dir='ltr'><strong><em>τοῦ</em></strong></span> <span class='ocrx_word' id='word_1_66' title='bbox 311 655 404 694; x_wconf 88' lang='grc' dir='ltr'><strong><em>ΝΡ.</em></strong></span> <span class='ocrx_word' id='word_1_67' title='bbox 436 652 506 694; x_wconf 83' lang='grc' dir='ltr'><strong><em>καὶ</em></strong></span> <span class='ocrx_word' id='word_1_68' title='bbox 532 650 623 694; x_wconf 80' lang='grc' dir='ltr'><strong><em>ἐπεὶ</em></strong></span> <span class='ocrx_word' id='word_1_69' title='bbox 649 651 671 693; x_wconf 92' lang='lat'>6</span> <span class='ocrx_word' id='word_1_70' title='bbox 693 654 830 693; x_wconf 90' lang='grc' dir='ltr'><strong><em>ΠΟΡ</em></strong></span> <span class='ocrx_word' id='word_1_71' title='bbox 841 653 919 694; x_wconf 90' lang='grc' dir='ltr'><strong><em>τὸν</em></strong></span> <span class='ocrx_word' id='word_1_72' title='bbox 936 653 1076 692; x_wconf 86' lang='grc' dir='ltr'><strong><em>ΗΕΚ</em></strong></span> <span class='ocrx_word' id='word_1_73' title='bbox 1093 651 1166 691; x_wconf 82' lang='grc' dir='ltr'><strong><em>διὰ</em></strong></span> <span class='ocrx_word' id='word_1_74' title='bbox 1185 656 1272 692; x_wconf 80' lang='grc' dir='ltr'><strong><em>τῶν</em></strong></span> <span class='ocrx_word' id='word_1_75' title='bbox 1290 652 1438 692; x_wconf 89' lang='grc' dir='ltr'><strong><em>πόλων</em></strong></span> 
     </span>
     <span class='ocr_line' id='line_1_10' title="bbox 110 714 1439 771; baseline -0.002 -13"><span class='ocrx_word' id='word_1_76' title='bbox 110 716 267 771; x_wconf 85' lang='grc' dir='ltr'><strong><em>τέμνει,</em></strong></span> <span class='ocrx_word' id='word_1_77' title='bbox 293 717 391 771; x_wconf 84' lang='grc' dir='ltr'><strong><em>δίχα</em></strong></span> <span class='ocrx_word' id='word_1_78' title='bbox 411 731 455 758; x_wconf 87' lang='grc' dir='ltr'><strong><em>τε</em></strong></span> <span class='ocrx_word' id='word_1_79' title='bbox 481 716 616 758; x_wconf 86' lang='grc' dir='ltr'><strong><em>αὐτὸν</em></strong></span> <span class='ocrx_word' id='word_1_80' title='bbox 640 724 759 769; x_wconf 86' lang='grc' dir='ltr'><strong><em>τεμεῖ</em></strong></span> <span class='ocrx_word' id='word_1_81' title='bbox 781 714 850 757; x_wconf 85' lang='grc' dir='ltr'><strong><em>καὶ</em></strong></span> <span class='ocrx_word' id='word_1_82' title='bbox 876 716 985 770; x_wconf 88' lang='grc' dir='ltr'><strong><em>πρὸς</em></strong></span> <span class='ocrx_word' id='word_1_83' title='bbox 1010 714 1163 769; x_wconf 81' lang='grc' dir='ltr'><strong><em>ὀρθάς·</em></strong></span> <span class='ocrx_word' id='word_1_84' title='bbox 1197 715 1332 769; x_wconf 82' lang='grc' dir='ltr'><strong><em>ὀρθὸς</em></strong></span> <span class='ocrx_word' id='word_1_85' title='bbox 1357 715 1439 768; x_wconf 76' lang='grc' dir='ltr'><strong><em>ἄρα</em></strong></span> 
     </span>
     <span class='ocr_line' id='line_1_11' title="bbox 47 778 1439 835; baseline -0.002 -12"><span class='ocrx_word' id='word_1_86' title='bbox 47 785 89 815; x_wconf 86' lang='grc'><strong><em>10</em></strong></span> <span class='ocrx_word' id='word_1_87' title='bbox 115 780 233 823; x_wconf 83' lang='grc' dir='ltr'><strong><em>ἐστὶν</em></strong></span> <span class='ocrx_word' id='word_1_88' title='bbox 257 781 280 823; x_wconf 90' lang='lat'>6</span> <span class='ocrx_word' id='word_1_89' title='bbox 307 784 398 823; x_wconf 91' lang='grc' dir='ltr'><strong><em>ΠΡ</em></strong></span> <span class='ocrx_word' id='word_1_90' title='bbox 416 781 574 830; x_wconf 80' lang='grc' dir='ltr'><strong><em>κύκλος</em></strong></span> <span class='ocrx_word' id='word_1_91' title='bbox 598 781 706 835; x_wconf 88' lang='grc' dir='ltr'><strong><em>πρὸς</em></strong></span> <span class='ocrx_word' id='word_1_92' title='bbox 729 780 805 822; x_wconf 87' lang='grc' dir='ltr'><strong><em>τὸν</em></strong></span> <span class='ocrx_word' id='word_1_93' title='bbox 825 782 975 821; x_wconf 89' lang='grc' dir='ltr'><strong><em>ΗΕΚ.</em></strong></span> <span class='ocrx_word' id='word_1_94' title='bbox 1008 780 1079 821; x_wconf 81' lang='grc' dir='ltr'><strong><em>διὰ</em></strong></span> <span class='ocrx_word' id='word_1_95' title='bbox 1098 780 1149 821; x_wconf 81' lang='grc' dir='ltr'><strong><em>τὰ</em></strong></span> <span class='ocrx_word' id='word_1_96' title='bbox 1169 779 1277 821; x_wconf 83' lang='grc' dir='ltr'><strong><em>αὐτὰ</em></strong></span> <span class='ocrx_word' id='word_1_97' title='bbox 1297 779 1349 832; x_wconf 87' lang='grc' dir='ltr'><strong><em>δὴ</em></strong></span> <span class='ocrx_word' id='word_1_98' title='bbox 1369 778 1439 820; x_wconf 84' lang='grc' dir='ltr'><strong><em>καὶ</em></strong></span> 
     </span>
     <span class='ocr_line' id='line_1_12' title="bbox 114 841 1494 900; baseline -0.003 -13"><span class='ocrx_word' id='word_1_99' title='bbox 114 845 136 888; x_wconf 93' lang='lat'>6</span> <span class='ocrx_word' id='word_1_100' title='bbox 161 849 205 887; x_wconf 93' lang='grc' dir='ltr'><strong><em>Σ</em></strong></span> <span class='ocrx_word' id='word_1_101' title='bbox 210 849 247 887; x_wconf 89' lang='lat'><em>0</em></span> <span class='ocrx_word' id='word_1_102' title='bbox 261 848 299 887; x_wconf 87' lang='lat' dir='ltr'><em>T</em></span> <span class='ocrx_word' id='word_1_103' title='bbox 318 846 426 900; x_wconf 89' lang='grc' dir='ltr'><strong><em>πρὸς</em></strong></span> <span class='ocrx_word' id='word_1_104' title='bbox 450 846 526 887; x_wconf 90' lang='grc' dir='ltr'><strong><em>τὸν</em></strong></span> <span class='ocrx_word' id='word_1_105' title='bbox 538 848 588 887; x_wconf 89' lang='grc' dir='ltr'><em>Η</em></span> <span class='ocrx_word' id='word_1_106' title='bbox 591 847 679 887; x_wconf 89' lang='grc' dir='ltr'><strong><em>ΕΚ</em></strong></span> <span class='ocrx_word' id='word_1_107' title='bbox 688 844 832 900; x_wconf 72' lang='grc' dir='ltr'><strong><em>,ὀρθός</em></strong></span> <span class='ocrx_word' id='word_1_108' title='bbox 851 842 981 885; x_wconf 85' lang='grc' dir='ltr'><strong><em>ἐστιν.</em></strong></span> <span class='ocrx_word' id='word_1_109' title='bbox 1013 841 1082 885; x_wconf 81' lang='grc' dir='ltr'><strong><em>καὶ</em></strong></span> <span class='ocrx_word' id='word_1_110' title='bbox 1103 841 1194 885; x_wconf 84' lang='grc' dir='ltr'><strong><em>ἐπεὶ</em></strong></span> <span class='ocrx_word' id='word_1_111' title='bbox 1213 842 1439 898; x_wconf 86' lang='grc' dir='ltr'><strong><em>ἀσύμπτω-</em></strong></span> <span class='ocrx_word' id='word_1_112' title='bbox 1492 896 1494 898; x_wconf 14' lang='lat' dir='ltr'>q</span> 
     </span>
     <span class='ocr_line' id='line_1_13' title="bbox 113 905 1494 962; baseline -0.003 -11"><span class='ocrx_word' id='word_1_113' title='bbox 113 911 192 952; x_wconf 87' lang='grc' dir='ltr'><strong><em>τόν</em></strong></span> <span class='ocrx_word' id='word_1_114' title='bbox 218 909 307 952; x_wconf 83' lang='grc' dir='ltr'><strong><em>ἐστι</em></strong></span> <span class='ocrx_word' id='word_1_115' title='bbox 334 910 382 951; x_wconf 91' lang='grc' dir='ltr'><strong><em>τὸ</em></strong></span> <span class='ocrx_word' id='word_1_116' title='bbox 409 909 491 951; x_wconf 81' lang='grc' dir='ltr'><strong><em>ἀπὸ</em></strong></span> <span class='ocrx_word' id='word_1_117' title='bbox 517 915 594 951; x_wconf 89' lang='grc' dir='ltr'><strong><em>τοῦ</em></strong></span> <span class='ocrx_word' id='word_1_118' title='bbox 615 911 660 951; x_wconf 90' lang='grc' dir='ltr'><strong><em>Κ</em></strong></span> <span class='ocrx_word' id='word_1_119' title='bbox 682 908 940 962; x_wconf 78' lang='grc' dir='ltr'><strong><em>ἡμικύκλιον</em></strong></span> <span class='ocrx_word' id='word_1_120' title='bbox 965 908 1022 957; x_wconf 85' lang='grc' dir='ltr'><strong><em>ὡς</em></strong></span> <span class='ocrx_word' id='word_1_121' title='bbox 1042 907 1111 949; x_wconf 83' lang='grc' dir='ltr'><strong><em>ἐπὶ</em></strong></span> <span class='ocrx_word' id='word_1_122' title='bbox 1129 906 1181 948; x_wconf 82' lang='grc' dir='ltr'><strong><em>τὰ</em></strong></span> <span class='ocrx_word' id='word_1_123' title='bbox 1202 909 1256 961; x_wconf 85' lang='grc' dir='ltr'><strong><em>Κ,</em></strong></span> <span class='ocrx_word' id='word_1_124' title='bbox 1276 909 1314 948; x_wconf 95' lang='grc' dir='ltr'><em>Λ</em></span> <span class='ocrx_word' id='word_1_125' title='bbox 1333 905 1438 961; x_wconf 80' lang='grc' dir='ltr'><strong><em>μέρη</em></strong></span> <span class='ocrx_word' id='word_1_126' title='bbox 1492 923 1494 926; x_wconf 92' lang='grc'><strong><em>·</em></strong></span> 
     </span>
     <span class='ocr_line' id='line_1_14' title="bbox 113 961 1494 1031; baseline -0.003 -15"><span class='ocrx_word' id='word_1_127' title='bbox 113 981 172 1031; x_wconf 78' lang='grc' dir='ltr'><strong><em>τῷ</em></strong></span> <span class='ocrx_word' id='word_1_128' title='bbox 199 973 282 1016; x_wconf 82' lang='grc' dir='ltr'><strong><em>ἀπὸ</em></strong></span> <span class='ocrx_word' id='word_1_129' title='bbox 308 979 386 1016; x_wconf 89' lang='grc' dir='ltr'><strong><em>τοῦ</em></strong></span> <span class='ocrx_word' id='word_1_130' title='bbox 411 977 456 1015; x_wconf 88' lang='grc' dir='ltr'><em>Σ</em></span> <span class='ocrx_word' id='word_1_131' title='bbox 483 974 719 1029; x_wconf 80' lang='grc' dir='ltr'><strong><em>ἡμικυκλίῳ</em></strong></span> <span class='ocrx_word' id='word_1_132' title='bbox 751 972 809 1021; x_wconf 83' lang='grc' dir='ltr'><strong><em>ὡς</em></strong></span> <span class='ocrx_word' id='word_1_133' title='bbox 841 970 910 1014; x_wconf 88' lang='grc' dir='ltr'><strong><em>ἐπὶ</em></strong></span> <span class='ocrx_word' id='word_1_134' title='bbox 941 971 992 1013; x_wconf 75' lang='grc' dir='ltr'><strong><em>τὰ</em></strong></span> <span class='ocrx_word' id='word_1_135' title='bbox 1018 974 1070 1024; x_wconf 80' lang='grc' dir='ltr'><strong><em>Σ,</em></strong></span> <span class='ocrx_word' id='word_1_136' title='bbox 1102 974 1140 1012; x_wconf 92' lang='grc' dir='ltr'><em>Τ</em></span> <span class='ocrx_word' id='word_1_137' title='bbox 1158 970 1283 1025; x_wconf 80' lang='grc' dir='ltr'><strong><em>μέρη,</em></strong></span> <span class='ocrx_word' id='word_1_138' title='bbox 1315 970 1440 1023; x_wconf 90' lang='grc' dir='ltr'><strong><em>ὁμοία</em></strong></span> <span class='ocrx_word' id='word_1_139' title='bbox 1490 961 1494 967; x_wconf 45' lang='grc'><strong>’</strong></span> 
     </span>
     <span class='ocr_line' id='line_1_15' title="bbox 113 1030 1494 1093; baseline -0.003 -13"><span class='ocrx_word' id='word_1_140' title='bbox 113 1037 232 1080; x_wconf 84' lang='grc' dir='ltr'><strong><em>ἐστὶν</em></strong></span> <span class='ocrx_word' id='word_1_141' title='bbox 263 1039 289 1093; x_wconf 83' lang='grc' dir='ltr'><em>ἡ</em></span> <span class='ocrx_word' id='word_1_142' title='bbox 314 1040 403 1080; x_wconf 89' lang='grc' dir='ltr'><strong><em>ΚΣ</em></strong></span> <span class='ocrx_word' id='word_1_143' title='bbox 432 1037 685 1093; x_wconf 80' lang='grc' dir='ltr'><strong><em>περιφέρεια</em></strong></span> <span class='ocrx_word' id='word_1_144' title='bbox 717 1042 768 1091; x_wconf 78' lang='grc' dir='ltr'><strong><em>τῇ</em></strong></span> <span class='ocrx_word' id='word_1_145' title='bbox 795 1039 881 1078; x_wconf 91' lang='grc' dir='ltr'><strong><em>ΛΤ</em></strong></span> <span class='ocrx_word' id='word_1_146' title='bbox 909 1037 1172 1091; x_wconf 79' lang='grc' dir='ltr'><strong><em>περιφερείᾳ.</em></strong></span> <span class='ocrx_word' id='word_1_147' title='bbox 1221 1033 1268 1076; x_wconf 85' lang='grc' dir='ltr'><strong><em>ἐν</em></strong></span> <span class='ocrx_word' id='word_1_148' title='bbox 1299 1030 1332 1092; x_wconf 78' lang='grc' dir='ltr'><em>ᾧ</em></span> <span class='ocrx_word' id='word_1_149' title='bbox 1359 1035 1441 1090; x_wconf 78' lang='grc' dir='ltr'><strong><em>ἄρα</em></strong></span> <span class='ocrx_word' id='word_1_150' title='bbox 1490 1059 1494 1077; x_wconf 57' lang='lat'><strong><em>2.</em></strong></span> 
     </span>
     <span class='ocr_line' id='line_1_16' title="bbox 43 1098 1441 1159; baseline -0.004 -14"><span class='ocrx_word' id='word_1_151' title='bbox 43 1108 84 1138; x_wconf 83' lang='lat'><strong><em>15</em></strong></span> <span class='ocrx_word' id='word_1_152' title='bbox 120 1104 260 1159; x_wconf 85' lang='grc' dir='ltr'><strong><em>χρόνῳ</em></strong></span> <span class='ocrx_word' id='word_1_153' title='bbox 285 1103 333 1144; x_wconf 91' lang='grc' dir='ltr'><strong><em>τὸ</em></strong></span> <span class='ocrx_word' id='word_1_154' title='bbox 360 1105 404 1143; x_wconf 89' lang='grc' dir='ltr'><strong><em>Κ</em></strong></span> <span class='ocrx_word' id='word_1_155' title='bbox 432 1101 500 1143; x_wconf 85' lang='grc' dir='ltr'><strong><em>ἐπὶ</em></strong></span> <span class='ocrx_word' id='word_1_156' title='bbox 526 1102 574 1143; x_wconf 90' lang='grc' dir='ltr'><strong><em>τὸ</em></strong></span> <span class='ocrx_word' id='word_1_157' title='bbox 600 1104 644 1143; x_wconf 87' lang='grc' dir='ltr'><strong><em>Σ</em></strong></span> <span class='ocrx_word' id='word_1_158' title='bbox 670 1102 968 1155; x_wconf 83' lang='grc' dir='ltr'><strong><em>παραγίνεται,</em></strong></span> <span class='ocrx_word' id='word_1_159' title='bbox 999 1098 1046 1142; x_wconf 86' lang='grc' dir='ltr'><strong><em>ἐν</em></strong></span> <span class='ocrx_word' id='word_1_160' title='bbox 1070 1099 1208 1156; x_wconf 83' lang='grc' dir='ltr'><strong><em>τούτῳ</em></strong></span> <span class='ocrx_word' id='word_1_161' title='bbox 1232 1099 1303 1141; x_wconf 83' lang='grc' dir='ltr'><strong><em>καὶ</em></strong></span> <span class='ocrx_word' id='word_1_162' title='bbox 1327 1099 1374 1140; x_wconf 92' lang='grc' dir='ltr'><strong><em>τὸ</em></strong></span> <span class='ocrx_word' id='word_1_163' title='bbox 1401 1101 1441 1140; x_wconf 92' lang='grc' dir='ltr'><em>Λ</em></span> 
     </span>
     <span class='ocr_line' id='line_1_17' title="bbox 120 1162 1438 1222; baseline -0.004 -13"><span class='ocrx_word' id='word_1_164' title='bbox 120 1166 188 1209; x_wconf 82' lang='grc' dir='ltr'><strong><em>ἐπὶ</em></strong></span> <span class='ocrx_word' id='word_1_165' title='bbox 214 1168 261 1208; x_wconf 91' lang='grc' dir='ltr'><strong><em>τὸ</em></strong></span> <span class='ocrx_word' id='word_1_166' title='bbox 289 1169 328 1208; x_wconf 89' lang='grc' dir='ltr'><em>Τ</em></span> <span class='ocrx_word' id='word_1_167' title='bbox 344 1165 552 1222; x_wconf 83' lang='grc' dir='ltr'><strong><em>παρέσται</em></strong></span> <span class='ocrx_word' id='word_1_168' title='bbox 576 1164 647 1208; x_wconf 84' lang='grc' dir='ltr'><strong><em>καὶ</em></strong></span> <span class='ocrx_word' id='word_1_169' title='bbox 675 1165 697 1207; x_wconf 90' lang='grc' dir='ltr'>ὁ</span> <span class='ocrx_word' id='word_1_170' title='bbox 719 1167 801 1206; x_wconf 87' lang='grc' dir='ltr'><strong><em>ΚΛ</em></strong></span> <span class='ocrx_word' id='word_1_171' title='bbox 825 1165 981 1213; x_wconf 83' lang='grc' dir='ltr'><strong><em>κύκλος</em></strong></span> <span class='ocrx_word' id='word_1_172' title='bbox 1006 1163 1242 1218; x_wconf 81' lang='grc' dir='ltr'><strong><em>ἐφαρμόσει</em></strong></span> <span class='ocrx_word' id='word_1_173' title='bbox 1267 1162 1336 1204; x_wconf 86' lang='grc' dir='ltr'><strong><em>ἐπὶ</em></strong></span> <span class='ocrx_word' id='word_1_174' title='bbox 1361 1163 1438 1204; x_wconf 87' lang='grc' dir='ltr'><strong><em>τὸν</em></strong></span> 
     </span>
     <span class='ocr_line' id='line_1_18' title="bbox 119 1226 1494 1283; baseline -0.004 -10"><span class='ocrx_word' id='word_1_175' title='bbox 119 1234 206 1272; x_wconf 89' lang='grc' dir='ltr'><strong><em>ΣΤ</em></strong></span> <span class='ocrx_word' id='word_1_176' title='bbox 219 1231 396 1273; x_wconf 88' lang='grc' dir='ltr'><strong><em>κύκλον·</em></strong></span> <span class='ocrx_word' id='word_1_177' title='bbox 422 1230 444 1273; x_wconf 91' lang='lat'>6</span> <span class='ocrx_word' id='word_1_178' title='bbox 465 1228 514 1272; x_wconf 76' lang='grc' dir='ltr'><strong><em>δὲ</em></strong></span> <span class='ocrx_word' id='word_1_179' title='bbox 532 1232 620 1271; x_wconf 93' lang='grc' dir='ltr'><strong><em>ΣΤ</em></strong></span> <span class='ocrx_word' id='word_1_180' title='bbox 631 1230 789 1278; x_wconf 86' lang='grc' dir='ltr'><strong><em>κύκλος</em></strong></span> <span class='ocrx_word' id='word_1_181' title='bbox 809 1229 944 1283; x_wconf 80' lang='grc' dir='ltr'><strong><em>ὀρθός</em></strong></span> <span class='ocrx_word' id='word_1_182' title='bbox 962 1226 1051 1270; x_wconf 85' lang='grc' dir='ltr'><strong><em>ἐστι</em></strong></span> <span class='ocrx_word' id='word_1_183' title='bbox 1071 1227 1178 1280; x_wconf 86' lang='grc' dir='ltr'><strong><em>πρὸς</em></strong></span> <span class='ocrx_word' id='word_1_184' title='bbox 1197 1228 1275 1269; x_wconf 89' lang='grc' dir='ltr'><strong><em>τὸν</em></strong></span> <span class='ocrx_word' id='word_1_185' title='bbox 1294 1229 1438 1268; x_wconf 87' lang='grc' dir='ltr'><strong><em>ΗΕΚ·</em></strong></span> <span class='ocrx_word' id='word_1_186' title='bbox 1492 1272 1494 1274; x_wconf 53' lang='grc'><strong>,</strong></span> 
     </span>
     <span class='ocr_line' id='line_1_19' title="bbox 119 1291 1439 1350; baseline -0.005 -13"><span class='ocrx_word' id='word_1_187' title='bbox 119 1295 190 1337; x_wconf 84' lang='grc' dir='ltr'><strong><em>καὶ</em></strong></span> <span class='ocrx_word' id='word_1_188' title='bbox 216 1295 239 1337; x_wconf 92' lang='lat'>6</span> <span class='ocrx_word' id='word_1_189' title='bbox 259 1297 343 1337; x_wconf 86' lang='lat' dir='ltr'><strong><em>KA</em></strong></span> <span class='ocrx_word' id='word_1_190' title='bbox 367 1295 450 1350; x_wconf 78' lang='grc' dir='ltr'><strong><em>ἄρα</em></strong></span> <span class='ocrx_word' id='word_1_191' title='bbox 468 1295 624 1343; x_wconf 87' lang='grc' dir='ltr'><strong><em>κύκλος</em></strong></span> <span class='ocrx_word' id='word_1_192' title='bbox 643 1293 777 1347; x_wconf 87' lang='grc' dir='ltr'><strong><em>ὀρθός</em></strong></span> <span class='ocrx_word' id='word_1_193' title='bbox 797 1292 886 1335; x_wconf 82' lang='grc' dir='ltr'><strong><em>ἐστι</em></strong></span> <span class='ocrx_word' id='word_1_194' title='bbox 904 1293 1012 1347; x_wconf 85' lang='grc' dir='ltr'><strong><em>πρὸς</em></strong></span> <span class='ocrx_word' id='word_1_195' title='bbox 1030 1292 1108 1334; x_wconf 88' lang='grc' dir='ltr'><strong><em>τὸν</em></strong></span> <span class='ocrx_word' id='word_1_196' title='bbox 1128 1293 1251 1332; x_wconf 85' lang='grc' dir='ltr'><strong><em>ΗΕΚ</em></strong></span> <span class='ocrx_word' id='word_1_197' title='bbox 1269 1291 1439 1332; x_wconf 89' lang='grc' dir='ltr'><strong><em>κύκλον.</em></strong></span> 
     </span>
     <span class='ocr_line' id='line_1_20' title="bbox 117 1354 1440 1413; baseline -0.005 -12"><span class='ocrx_word' id='word_1_198' title='bbox 117 1359 270 1413; x_wconf 74' lang='grc' dir='ltr'><strong><em>πάλιν,</em></strong></span> <span class='ocrx_word' id='word_1_199' title='bbox 301 1357 391 1401; x_wconf 86' lang='grc' dir='ltr'><strong><em>ἐπεὶ</em></strong></span> <span class='ocrx_word' id='word_1_200' title='bbox 418 1358 543 1412; x_wconf 89' lang='grc' dir='ltr'><strong><em>ὁμοία</em></strong></span> <span class='ocrx_word' id='word_1_201' title='bbox 569 1356 688 1399; x_wconf 87' lang='grc' dir='ltr'><strong><em>ἐστὶν</em></strong></span> <span class='ocrx_word' id='word_1_202' title='bbox 713 1358 738 1410; x_wconf 86' lang='grc' dir='ltr'><em>ἡ</em></span> <span class='ocrx_word' id='word_1_203' title='bbox 765 1360 917 1398; x_wconf 91' lang='grc' dir='ltr'><strong><em>ΣΜΠ</em></strong></span> <span class='ocrx_word' id='word_1_204' title='bbox 939 1354 1192 1410; x_wconf 81' lang='grc' dir='ltr'><strong><em>περιφέρεια</em></strong></span> <span class='ocrx_word' id='word_1_205' title='bbox 1215 1361 1265 1409; x_wconf 79' lang='grc' dir='ltr'><strong><em>τῇ</em></strong></span> <span class='ocrx_word' id='word_1_206' title='bbox 1298 1357 1336 1395; x_wconf 93' lang='grc' dir='ltr'><em>Τ</em></span> <span class='ocrx_word' id='word_1_207' title='bbox 1344 1357 1440 1408; x_wconf 88' lang='grc' dir='ltr'><strong><em>ΝΡ,</em></strong></span> 
     </span>
     <span class='ocr_line' id='line_1_21' title="bbox 49 1417 1440 1480; baseline -0.005 -14"><span class='ocrx_word' id='word_1_208' title='bbox 49 1430 92 1459; x_wconf 82' lang='lat'><strong><em>20</em></strong></span> <span class='ocrx_word' id='word_1_209' title='bbox 118 1422 166 1466; x_wconf 82' lang='grc' dir='ltr'><strong><em>ἐν</em></strong></span> <span class='ocrx_word' id='word_1_210' title='bbox 191 1417 224 1480; x_wconf 80' lang='grc' dir='ltr'><strong><em>ᾧ</em></strong></span> <span class='ocrx_word' id='word_1_211' title='bbox 246 1424 328 1477; x_wconf 75' lang='grc' dir='ltr'><strong><em>ἄρα</em></strong></span> <span class='ocrx_word' id='word_1_212' title='bbox 355 1425 496 1479; x_wconf 84' lang='grc' dir='ltr'><strong><em>χρόνῳ</em></strong></span> <span class='ocrx_word' id='word_1_213' title='bbox 522 1422 570 1463; x_wconf 94' lang='grc' dir='ltr'><strong><em>τὸ</em></strong></span> <span class='ocrx_word' id='word_1_214' title='bbox 598 1424 642 1462; x_wconf 90' lang='grc' dir='ltr'><strong><em>Σ</em></strong></span> <span class='ocrx_word' id='word_1_215' title='bbox 664 1420 731 1463; x_wconf 83' lang='grc' dir='ltr'><strong><em>ἐπὶ</em></strong></span> <span class='ocrx_word' id='word_1_216' title='bbox 757 1422 804 1462; x_wconf 90' lang='grc' dir='ltr'><strong><em>τὸ</em></strong></span> <span class='ocrx_word' id='word_1_217' title='bbox 833 1424 879 1461; x_wconf 91' lang='grc' dir='ltr'><em>Π</em></span> <span class='ocrx_word' id='word_1_218' title='bbox 900 1421 1198 1473; x_wconf 78' lang='grc' dir='ltr'><strong><em>παραγίνεται,</em></strong></span> <span class='ocrx_word' id='word_1_219' title='bbox 1231 1417 1279 1460; x_wconf 84' lang='grc' dir='ltr'><strong><em>ἐν</em></strong></span> <span class='ocrx_word' id='word_1_220' title='bbox 1303 1419 1440 1473; x_wconf 90' lang='grc' dir='ltr'><strong><em>τούτῳ</em></strong></span> 
     </span>
     <span class='ocr_line' id='line_1_22' title="bbox 116 1482 1441 1538; baseline -0.005 -9"><span class='ocrx_word' id='word_1_221' title='bbox 116 1486 187 1529; x_wconf 88' lang='grc' dir='ltr'><strong><em>καὶ</em></strong></span> <span class='ocrx_word' id='word_1_222' title='bbox 219 1487 267 1528; x_wconf 91' lang='grc' dir='ltr'><strong><em>τὸ</em></strong></span> <span class='ocrx_word' id='word_1_223' title='bbox 301 1490 339 1528; x_wconf 93' lang='grc' dir='ltr'><em>Τ</em></span> <span class='ocrx_word' id='word_1_224' title='bbox 363 1486 432 1528; x_wconf 83' lang='grc' dir='ltr'><strong><em>ἐπὶ</em></strong></span> <span class='ocrx_word' id='word_1_225' title='bbox 462 1486 510 1527; x_wconf 91' lang='grc' dir='ltr'><strong><em>τὸ</em></strong></span> <span class='ocrx_word' id='word_1_226' title='bbox 537 1488 575 1526; x_wconf 92' lang='grc' dir='ltr'><strong><em>Ρ</em></strong></span> <span class='ocrx_word' id='word_1_227' title='bbox 599 1484 808 1538; x_wconf 83' lang='grc' dir='ltr'><strong><em>παρέσται</em></strong></span> <span class='ocrx_word' id='word_1_228' title='bbox 839 1482 910 1525; x_wconf 81' lang='grc' dir='ltr'><strong><em>καὶ</em></strong></span> <span class='ocrx_word' id='word_1_229' title='bbox 936 1483 958 1525; x_wconf 91' lang='grc' dir='ltr'>ὁ</span> <span class='ocrx_word' id='word_1_230' title='bbox 984 1490 1071 1524; x_wconf 88' lang='grc' dir='ltr'><strong><em>τῶν</em></strong></span> <span class='ocrx_word' id='word_1_231' title='bbox 1096 1483 1261 1538; x_wconf 82' lang='grc' dir='ltr'><strong><em>ζῳδίων</em></strong></span> <span class='ocrx_word' id='word_1_232' title='bbox 1284 1482 1441 1532; x_wconf 85' lang='grc' dir='ltr'><strong><em>κύκλος</em></strong></span> 
     </span>
     <span class='ocr_line' id='line_1_23' title="bbox 116 1545 1441 1606; baseline -0.005 -12"><span class='ocrx_word' id='word_1_233' title='bbox 116 1551 351 1606; x_wconf 83' lang='grc' dir='ltr'><strong><em>ἐφαρμόσει</em></strong></span> <span class='ocrx_word' id='word_1_234' title='bbox 386 1549 455 1592; x_wconf 85' lang='grc' dir='ltr'><strong><em>ἐπὶ</em></strong></span> <span class='ocrx_word' id='word_1_235' title='bbox 488 1550 565 1592; x_wconf 90' lang='grc' dir='ltr'><strong><em>τὸν</em></strong></span> <span class='ocrx_word' id='word_1_236' title='bbox 596 1552 645 1591; x_wconf 92' lang='grc' dir='ltr'><em>Π</em></span> <span class='ocrx_word' id='word_1_237' title='bbox 651 1551 732 1590; x_wconf 92' lang='grc' dir='ltr'><strong><em>ΟΡ</em></strong></span> <span class='ocrx_word' id='word_1_238' title='bbox 760 1548 938 1590; x_wconf 86' lang='grc' dir='ltr'><strong><em>κύκλον·</em></strong></span> <span class='ocrx_word' id='word_1_239' title='bbox 983 1546 1005 1589; x_wconf 91' lang='lat'>6</span> <span class='ocrx_word' id='word_1_240' title='bbox 1039 1545 1087 1588; x_wconf 75' lang='grc' dir='ltr'><strong><em>δὲ</em></strong></span> <span class='ocrx_word' id='word_1_241' title='bbox 1120 1548 1256 1588; x_wconf 89' lang='grc' dir='ltr'><strong><em>ΠΟΡ</em></strong></span> <span class='ocrx_word' id='word_1_242' title='bbox 1284 1547 1441 1595; x_wconf 84' lang='grc' dir='ltr'><strong><em>κύκλος</em></strong></span> 
     </span>
     <span class='ocr_line' id='line_1_24' title="bbox 115 1610 1493 1671; baseline -0.007 -12"><span class='ocrx_word' id='word_1_243' title='bbox 115 1616 251 1671; x_wconf 83' lang='grc' dir='ltr'><strong><em>ὀρθός</em></strong></span> <span class='ocrx_word' id='word_1_244' title='bbox 287 1614 378 1658; x_wconf 83' lang='grc' dir='ltr'><strong><em>ἐστι</em></strong></span> <span class='ocrx_word' id='word_1_245' title='bbox 412 1615 520 1670; x_wconf 88' lang='grc' dir='ltr'><strong><em>πρὸς</em></strong></span> <span class='ocrx_word' id='word_1_246' title='bbox 556 1613 629 1655; x_wconf 88' lang='grc' dir='ltr'><strong><em>τὸν</em></strong></span> <span class='ocrx_word' id='word_1_247' title='bbox 661 1615 818 1654; x_wconf 89' lang='grc' dir='ltr'><strong><em>ΗΕΚ·</em></strong></span> <span class='ocrx_word' id='word_1_248' title='bbox 866 1611 936 1653; x_wconf 85' lang='grc' dir='ltr'><strong><em>καὶ</em></strong></span> <span class='ocrx_word' id='word_1_249' title='bbox 974 1610 996 1653; x_wconf 91' lang='grc' dir='ltr'>ὁ</span> <span class='ocrx_word' id='word_1_250' title='bbox 1033 1617 1120 1652; x_wconf 88' lang='grc' dir='ltr'><strong><em>τῶν</em></strong></span> <span class='ocrx_word' id='word_1_251' title='bbox 1157 1610 1321 1667; x_wconf 84' lang='grc' dir='ltr'><strong><em>ζῳδίων</em></strong></span> <span class='ocrx_word' id='word_1_252' title='bbox 1358 1611 1441 1663; x_wconf 83' lang='grc' dir='ltr'><strong><em>ἄρα</em></strong></span> <span class='ocrx_word' id='word_1_253' title='bbox 1491 1647 1493 1649; x_wconf 87' lang='grc'>.</span> 
     </span>
     <span class='ocr_line' id='line_1_25' title="bbox 116 1672 1493 1733; baseline -0.006 -11"><span class='ocrx_word' id='word_1_254' title='bbox 116 1682 273 1730; x_wconf 84' lang='grc' dir='ltr'><strong><em>κύκλος</em></strong></span> <span class='ocrx_word' id='word_1_255' title='bbox 308 1679 444 1733; x_wconf 79' lang='grc' dir='ltr'><strong><em>ὀρθός</em></strong></span> <span class='ocrx_word' id='word_1_256' title='bbox 478 1677 568 1720; x_wconf 86' lang='grc' dir='ltr'><strong><em>ἐστι</em></strong></span> <span class='ocrx_word' id='word_1_257' title='bbox 598 1678 706 1731; x_wconf 86' lang='grc' dir='ltr'><strong><em>πρὸς</em></strong></span> <span class='ocrx_word' id='word_1_258' title='bbox 736 1677 812 1718; x_wconf 87' lang='grc' dir='ltr'><strong><em>τὸν</em></strong></span> <span class='ocrx_word' id='word_1_259' title='bbox 839 1678 977 1717; x_wconf 90' lang='grc' dir='ltr'><strong><em>ΗΕΚ</em></strong></span> <span class='ocrx_word' id='word_1_260' title='bbox 1008 1674 1215 1728; x_wconf 81' lang='grc' dir='ltr'><strong><em>ὁρίζοντα.</em></strong></span> <span class='ocrx_word' id='word_1_261' title='bbox 1266 1672 1333 1723; x_wconf 82' lang='grc' dir='ltr'><strong><em>δὶς</em></strong></span> <span class='ocrx_word' id='word_1_262' title='bbox 1358 1674 1440 1727; x_wconf 78' lang='grc' dir='ltr'><strong><em>ἄρα</em></strong></span> <span class='ocrx_word' id='word_1_263' title='bbox 1492 1694 1493 1697; x_wconf 41' lang='grc'><strong>“</strong></span> 
     </span>
     <span class='ocr_line' id='line_1_26' title="bbox 46 1737 1494 1800; baseline -0.004 -16"><span class='ocrx_word' id='word_1_264' title='bbox 46 1753 89 1784; x_wconf 81' lang='lat'><strong><em>25</em></strong></span> <span class='ocrx_word' id='word_1_265' title='bbox 115 1743 235 1787; x_wconf 81' lang='grc' dir='ltr'><strong><em>ἔσται</em></strong></span> <span class='ocrx_word' id='word_1_266' title='bbox 267 1743 289 1785; x_wconf 97' lang='lat'>6</span> <span class='ocrx_word' id='word_1_267' title='bbox 321 1750 409 1785; x_wconf 80' lang='grc' dir='ltr'><strong><em>τῶν</em></strong></span> <span class='ocrx_word' id='word_1_268' title='bbox 440 1743 604 1800; x_wconf 79' lang='grc' dir='ltr'><strong><em>ζῳδίων</em></strong></span> <span class='ocrx_word' id='word_1_269' title='bbox 634 1741 790 1790; x_wconf 88' lang='grc' dir='ltr'><strong><em>κύκλος</em></strong></span> <span class='ocrx_word' id='word_1_270' title='bbox 817 1739 953 1795; x_wconf 86' lang='grc' dir='ltr'><strong><em>ὀρθὸς</em></strong></span> <span class='ocrx_word' id='word_1_271' title='bbox 976 1740 1085 1795; x_wconf 85' lang='grc' dir='ltr'><strong><em>πρὸς</em></strong></span> <span class='ocrx_word' id='word_1_272' title='bbox 1109 1739 1186 1780; x_wconf 90' lang='grc' dir='ltr'><strong><em>τὸν</em></strong></span> <span class='ocrx_word' id='word_1_273' title='bbox 1212 1737 1438 1792; x_wconf 73' lang='grc' dir='ltr'><strong><em>ὁρίζοντα]</em></strong></span> <span class='ocrx_word' id='word_1_274' title='bbox 1491 1753 1494 1755; x_wconf 88' lang='grc'><strong><em>·</em></strong></span> 
     </span>
    </p>
   </div>
   <div class='ocr_carea' id='block_1_3' title="bbox 115 1864 1444 2195">
    <p class='ocr_par' dir='ltr' id='par_1_3' title="bbox 115 1864 1444 2195">
     <span class='ocr_line' id='line_1_27' title="bbox 175 1864 1436 1944; baseline -0.006 -39"><span class='ocrx_word' id='word_1_275' title='bbox 175 1874 205 1904; x_wconf 92' lang='grc'><strong><em>1.</em></strong></span> <span class='ocrx_word' id='word_1_276' title='bbox 231 1869 317 1915; x_wconf 78' lang='grc' dir='ltr'><strong><em>ἄρα]</em></strong></span> <span class='ocrx_word' id='word_1_277' title='bbox 344 1881 461 1914; x_wconf 87' lang='lat' dir='ltr'><strong>comp.</strong></span> <span class='ocrx_word' id='word_1_278' title='bbox 484 1869 526 1910; x_wconf 80' lang='lat' dir='ltr'><strong><em>V,</em></strong></span> <span class='ocrx_word' id='word_1_279' title='bbox 552 1868 604 1904; x_wconf 78' lang='grc' dir='ltr'><strong><em>ἔτι</em></strong></span> <span class='ocrx_word' id='word_1_280' title='bbox 629 1867 687 1902; x_wconf 91' lang='lat' dir='ltr'><strong><em>Ll.</em></strong></span> <span class='ocrx_word' id='word_1_281' title='bbox 737 1871 769 1901; x_wconf 84' lang='lat'><strong><em>4.</em></strong></span> <span class='ocrx_word' id='word_1_282' title='bbox 798 1866 844 1913; x_wconf 92' lang='grc' dir='ltr'><strong><em>Ο]</em></strong></span> <span class='ocrx_word' id='word_1_283' title='bbox 871 1877 958 1900; x_wconf 85' lang='lat' dir='ltr'>corr.</span> <span class='ocrx_word' id='word_1_284' title='bbox 986 1876 1029 1900; x_wconf 80' lang='lat' dir='ltr'><strong><em>ex</em></strong></span> <span class='ocrx_word' id='word_1_285' title='bbox 1057 1866 1088 1900; x_wconf 85' lang='grc' dir='ltr'><strong>Θ</strong></span> <span class='ocrx_word' id='word_1_286' title='bbox 1112 1865 1154 1899; x_wconf 88' lang='lat' dir='ltr'><strong><em>V.</em></strong></span> <span class='ocrx_word' id='word_1_287' title='bbox 1210 1867 1241 1898; x_wconf 82' lang='grc'><strong><em>6.</em></strong></span> <span class='ocrx_word' id='word_1_288' title='bbox 1272 1864 1323 1944; x_wconf 44' lang='lat' dir='ltr'><strong><em>O}</em></strong></span> <span class='ocrx_word' id='word_1_289' title='bbox 1348 1866 1380 1899; x_wconf 83' lang='grc' dir='ltr'><em>Θ</em></span> <span class='ocrx_word' id='word_1_290' title='bbox 1404 1873 1436 1898; x_wconf 79' lang='lat' dir='ltr'><strong><em>a.</em></strong></span> 
     </span>
     <span class='ocr_line' id='line_1_28' title="bbox 116 1910 1437 1960; baseline -0.007 -8"><span class='ocrx_word' id='word_1_291' title='bbox 116 1921 146 1952; x_wconf 78' lang='lat'><strong><em>7.</em></strong></span> <span class='ocrx_word' id='word_1_292' title='bbox 183 1918 256 1951; x_wconf 89' lang='grc' dir='ltr'><strong><em>ΣΘ</em></strong></span> <span class='ocrx_word' id='word_1_293' title='bbox 268 1919 313 1960; x_wconf 91' lang='grc' dir='ltr'><em>Τ,</em></span> <span class='ocrx_word' id='word_1_294' title='bbox 340 1917 449 1951; x_wconf 86' lang='grc' dir='ltr'><strong><em>ΠΘΡ</em></strong></span> <span class='ocrx_word' id='word_1_295' title='bbox 470 1926 492 1950; x_wconf 78' lang='lat' dir='ltr'><strong>a</strong></span> <span class='ocrx_word' id='word_1_296' title='bbox 527 1915 640 1960; x_wconf 79' lang='lat' dir='ltr'>(prius</span> <span class='ocrx_word' id='word_1_297' title='bbox 668 1916 700 1949; x_wconf 83' lang='grc' dir='ltr'>Θ</span> <span class='ocrx_word' id='word_1_298' title='bbox 734 1925 823 1948; x_wconf 89' lang='lat' dir='ltr'>corr.</span> <span class='ocrx_word' id='word_1_299' title='bbox 849 1924 893 1947; x_wconf 82' lang='lat' dir='ltr'><strong><em>ex</em></strong></span> <span class='ocrx_word' id='word_1_300' title='bbox 921 1914 952 1947; x_wconf 91' lang='grc' dir='ltr'><em>Ο</em></span> <span class='ocrx_word' id='word_1_301' title='bbox 982 1924 1028 1946; x_wconf 89' lang='lat' dir='ltr'><strong><em>m.</em></strong></span> <span class='ocrx_word' id='word_1_302' title='bbox 1055 1915 1075 1946; x_wconf 83' lang='lat'>2</span> <span class='ocrx_word' id='word_1_303' title='bbox 1101 1912 1163 1955; x_wconf 83' lang='lat' dir='ltr'><strong><em>V);</em></strong></span> <span class='ocrx_word' id='word_1_304' title='bbox 1196 1911 1284 1944; x_wconf 74' lang='lat' dir='ltr'><strong>item</strong></span> <span class='ocrx_word' id='word_1_305' title='bbox 1325 1910 1373 1944; x_wconf 88' lang='lat' dir='ltr'><strong><em>in.</em></strong></span> <span class='ocrx_word' id='word_1_306' title='bbox 1394 1914 1437 1944; x_wconf 82' lang='lat'><strong><em>23</em></strong></span> 
     </span>
     <span class='ocr_line' id='line_1_29' title="bbox 115 1955 1391 2007; baseline -0.005 -9"><span class='ocrx_word' id='word_1_307' title='bbox 115 1966 218 1999; x_wconf 82' lang='grc' dir='ltr'><strong><em>ΠΘΡ</em></strong></span> <span class='ocrx_word' id='word_1_308' title='bbox 242 1963 473 2007; x_wconf 80' lang='lat' dir='ltr'><strong>(utrumque).</strong></span> <span class='ocrx_word' id='word_1_309' title='bbox 560 1965 590 1996; x_wconf 89' lang='lat'><strong><em>8.</em></strong></span> <span class='ocrx_word' id='word_1_310' title='bbox 617 1961 702 2006; x_wconf 92' lang='lat' dir='ltr'><strong><em>NP]</em></strong></span> <span class='ocrx_word' id='word_1_311' title='bbox 733 1963 834 1995; x_wconf 89' lang='lat' dir='ltr'><strong><em>TNP</em></strong></span> <span class='ocrx_word' id='word_1_312' title='bbox 855 1960 937 1994; x_wconf 76' lang='lat' dir='ltr'><strong>Vat.</strong></span> <span class='ocrx_word' id='word_1_313' title='bbox 1012 1962 1042 1992; x_wconf 87' lang='lat'><strong><em>9.</em></strong></span> <span class='ocrx_word' id='word_1_314' title='bbox 1069 1955 1197 2003; x_wconf 82' lang='grc' dir='ltr'><strong><em>αὐτόν]</em></strong></span> <span class='ocrx_word' id='word_1_315' title='bbox 1223 1957 1336 1992; x_wconf 83' lang='grc' dir='ltr'><strong><em>αὐτοῦ</em></strong></span> <span class='ocrx_word' id='word_1_316' title='bbox 1360 1968 1391 1991; x_wconf 86' lang='lat' dir='ltr'><strong><em>v.</em></strong></span> 
     </span>
     <span class='ocr_line' id='line_1_30' title="bbox 117 2004 1444 2055; baseline -0.007 -10"><span class='ocrx_word' id='word_1_317' title='bbox 117 2013 170 2045; x_wconf 92' lang='lat'><strong><em>10.</em></strong></span> <span class='ocrx_word' id='word_1_318' title='bbox 198 2010 285 2055; x_wconf 87' lang='grc' dir='ltr'><strong><em>ΠΡ]</em></strong></span> <span class='ocrx_word' id='word_1_319' title='bbox 311 2011 415 2044; x_wconf 84' lang='grc' dir='ltr'><strong><em>ΠΟΡ</em></strong></span> <span class='ocrx_word' id='word_1_320' title='bbox 437 2009 519 2043; x_wconf 76' lang='lat' dir='ltr'><strong>Vat.</strong></span> <span class='ocrx_word' id='word_1_321' title='bbox 584 2011 636 2042; x_wconf 87' lang='lat'><strong><em>11.</em></strong></span> <span class='ocrx_word' id='word_1_322' title='bbox 664 2007 787 2052; x_wconf 80' lang='grc' dir='ltr'><strong><em>ΣΟΤ]</em></strong></span> <span class='ocrx_word' id='word_1_323' title='bbox 813 2007 920 2041; x_wconf 77' lang='grc' dir='ltr'><strong><em>ΣΘΤ</em></strong></span> <span class='ocrx_word' id='word_1_324' title='bbox 942 2014 975 2040; x_wconf 74' lang='lat' dir='ltr'><strong><em>a.</em></strong></span> <span class='ocrx_word' id='word_1_325' title='bbox 1039 2008 1091 2039; x_wconf 82' lang='lat'><strong><em>14.</em></strong></span> <span class='ocrx_word' id='word_1_326' title='bbox 1117 2004 1205 2050; x_wconf 83' lang='lat' dir='ltr'><strong><em>AT]</em></strong></span> <span class='ocrx_word' id='word_1_327' title='bbox 1231 2013 1341 2048; x_wconf 77' lang='lat' dir='ltr'><strong>supra</strong></span> <span class='ocrx_word' id='word_1_328' title='bbox 1366 2005 1444 2038; x_wconf 84' lang='grc' dir='ltr'><strong><em>ΗΠ</em></strong></span> 
     </span>
     <span class='ocr_line' id='line_1_31' title="bbox 116 2050 1444 2098; baseline -0.005 -8"><span class='ocrx_word' id='word_1_329' title='bbox 116 2057 275 2092; x_wconf 66' lang='lat' dir='ltr'>delebum</span> <span class='ocrx_word' id='word_1_330' title='bbox 301 2067 366 2090; x_wconf 82' lang='lat' dir='ltr'><strong>scr.</strong></span> <span class='ocrx_word' id='word_1_331' title='bbox 392 2067 439 2089; x_wconf 90' lang='lat' dir='ltr'><strong><em>m.</em></strong></span> <span class='ocrx_word' id='word_1_332' title='bbox 467 2059 483 2089; x_wconf 86' lang='lat'>1</span> <span class='ocrx_word' id='word_1_333' title='bbox 511 2056 553 2089; x_wconf 89' lang='lat' dir='ltr'><strong><em>V.</em></strong></span> <span class='ocrx_word' id='word_1_334' title='bbox 666 2057 717 2088; x_wconf 78' lang='lat'><strong><em>17.</em></strong></span> <span class='ocrx_word' id='word_1_335' title='bbox 752 2055 828 2087; x_wconf 86' lang='grc' dir='ltr'><em>ΣΤ</em></span> <span class='ocrx_word' id='word_1_336' title='bbox 850 2051 993 2098; x_wconf 83' lang='lat' dir='ltr'>(prius)]</span> <span class='ocrx_word' id='word_1_337' title='bbox 1019 2062 1038 2085; x_wconf 80' lang='grc' dir='ltr'><strong><em>ο</em></strong></span> <span class='ocrx_word' id='word_1_338' title='bbox 1064 2061 1152 2086; x_wconf 82' lang='lat' dir='ltr'><strong>corr.</strong></span> <span class='ocrx_word' id='word_1_339' title='bbox 1178 2062 1225 2084; x_wconf 89' lang='lat' dir='ltr'><strong><em>m.</em></strong></span> <span class='ocrx_word' id='word_1_340' title='bbox 1252 2054 1271 2084; x_wconf 83' lang='lat'>2</span> <span class='ocrx_word' id='word_1_341' title='bbox 1297 2050 1339 2092; x_wconf 89' lang='lat' dir='ltr'><strong><em>V,</em></strong></span> <span class='ocrx_word' id='word_1_342' title='bbox 1364 2051 1444 2084; x_wconf 94' lang='grc' dir='ltr'><strong><em>ΣΠ</em></strong></span> 
     </span>
     <span class='ocr_line' id='line_1_32' title="bbox 117 2096 1437 2147; baseline -0.005 -10"><span class='ocrx_word' id='word_1_343' title='bbox 117 2103 203 2138; x_wconf 87' lang='lat' dir='ltr'><strong><em>le&#39;</em></strong></span> <span class='ocrx_word' id='word_1_344' title='bbox 253 2102 271 2136; x_wconf 85' lang='lat'>6</span> <span class='ocrx_word' id='word_1_345' title='bbox 292 2122 337 2128; x_wconf 91' lang='grc'>-</span> <span class='ocrx_word' id='word_1_346' title='bbox 358 2105 412 2136; x_wconf 86' lang='grc'><strong><em>18.</em></strong></span> <span class='ocrx_word' id='word_1_347' title='bbox 438 2101 516 2147; x_wconf 81' lang='grc' dir='ltr'><strong><em>καί]</em></strong></span> <span class='ocrx_word' id='word_1_348' title='bbox 548 2112 620 2144; x_wconf 72' lang='lat' dir='ltr'><strong><em>mg.</em></strong></span> <span class='ocrx_word' id='word_1_349' title='bbox 648 2112 693 2134; x_wconf 91' lang='lat' dir='ltr'><strong><em>m.</em></strong></span> <span class='ocrx_word' id='word_1_350' title='bbox 721 2103 740 2134; x_wconf 83' lang='lat'>2</span> <span class='ocrx_word' id='word_1_351' title='bbox 767 2100 798 2134; x_wconf 92' lang='lat' dir='ltr'><strong>V</strong></span> <span class='ocrx_word' id='word_1_352' title='bbox 822 2098 1026 2144; x_wconf 85' lang='grc' dir='ltr'><strong><em>(κείμενον).</em></strong></span> <span class='ocrx_word' id='word_1_353' title='bbox 1119 2100 1172 2131; x_wconf 90' lang='grc'><strong><em>18.</em></strong></span> <span class='ocrx_word' id='word_1_354' title='bbox 1198 2096 1328 2137; x_wconf 81' lang='grc' dir='ltr'><strong><em>κύκλος</em></strong></span> <span class='ocrx_word' id='word_1_355' title='bbox 1369 2107 1437 2131; x_wconf 90' lang='lat' dir='ltr'><strong><em>om.</em></strong></span> 
     </span>
     <span class='ocr_line' id='line_1_33' title="bbox 116 2142 1439 2195; baseline -0.006 -11"><span class='ocrx_word' id='word_1_356' title='bbox 116 2151 197 2184; x_wconf 77' lang='lat' dir='ltr'><strong>Vat.</strong></span> <span class='ocrx_word' id='word_1_357' title='bbox 247 2149 336 2195; x_wconf 73' lang='grc' dir='ltr'><strong><em>ἐστι]</em></strong></span> <span class='ocrx_word' id='word_1_358' title='bbox 362 2159 431 2183; x_wconf 92' lang='lat' dir='ltr'><strong><em>om.</em></strong></span> <span class='ocrx_word' id='word_1_359' title='bbox 460 2148 540 2188; x_wconf 75' lang='lat' dir='ltr'><strong>Vat.</strong></span> <span class='ocrx_word' id='word_1_360' title='bbox 567 2147 650 2182; x_wconf 85' lang='lat' dir='ltr'><strong>add.</strong></span> <span class='ocrx_word' id='word_1_361' title='bbox 676 2159 722 2181; x_wconf 90' lang='lat' dir='ltr'><strong><em>m.</em></strong></span> <span class='ocrx_word' id='word_1_362' title='bbox 750 2150 788 2189; x_wconf 79' lang='lat'><strong><em>23</em></strong></span> <span class='ocrx_word' id='word_1_363' title='bbox 813 2146 903 2180; x_wconf 76' lang='lat' dir='ltr'><strong>item</strong></span> <span class='ocrx_word' id='word_1_364' title='bbox 927 2142 1001 2180; x_wconf 83' lang='grc' dir='ltr'><strong><em>τόν.</em></strong></span> <span class='ocrx_word' id='word_1_365' title='bbox 1065 2146 1118 2178; x_wconf 85' lang='grc'><strong><em>19.</em></strong></span> <span class='ocrx_word' id='word_1_366' title='bbox 1145 2143 1290 2188; x_wconf 92' lang='grc' dir='ltr'><strong><em>ΣΜΠ]</em></strong></span> <span class='ocrx_word' id='word_1_367' title='bbox 1343 2142 1439 2177; x_wconf 78' lang='lat' dir='ltr'><strong>eleto</strong></span> 
     </span>
    </p>
   </div>
   <div class='ocr_carea' id='block_1_4' title="bbox 115 2187 1439 2331">
    <p class='ocr_par' dir='ltr' id='par_1_4' title="bbox 115 2187 1439 2331">
     <span class='ocr_line' id='line_1_34' title="bbox 118 2187 1392 2237; baseline -0.006 -6"><span class='ocrx_word' id='word_1_368' title='bbox 118 2198 188 2231; x_wconf 90' lang='lat' dir='ltr'><strong><em>TP</em></strong></span> <span class='ocrx_word' id='word_1_369' title='bbox 208 2206 272 2231; x_wconf 75' lang='lat' dir='ltr'><strong>scr.</strong></span> <span class='ocrx_word' id='word_1_370' title='bbox 298 2197 379 2230; x_wconf 93' lang='grc' dir='ltr'><strong><em>ΣΠ</em></strong></span> <span class='ocrx_word' id='word_1_371' title='bbox 400 2207 447 2229; x_wconf 91' lang='lat' dir='ltr'><strong><em>m.</em></strong></span> <span class='ocrx_word' id='word_1_372' title='bbox 476 2199 492 2229; x_wconf 93' lang='lat'><strong>1</strong></span> <span class='ocrx_word' id='word_1_373' title='bbox 520 2194 568 2237; x_wconf 74' lang='lat' dir='ltr'><strong><em>V3</em></strong></span> <span class='ocrx_word' id='word_1_374' title='bbox 603 2195 733 2228; x_wconf 87' lang='grc' dir='ltr'><strong><em>ΑΜΠ</em></strong></span> <span class='ocrx_word' id='word_1_375' title='bbox 754 2205 783 2227; x_wconf 87' lang='lat' dir='ltr'><strong><em>v.</em></strong></span> <span class='ocrx_word' id='word_1_376' title='bbox 935 2194 990 2226; x_wconf 79' lang='lat'><strong><em>20.</em></strong></span> <span class='ocrx_word' id='word_1_377' title='bbox 1022 2187 1286 2235; x_wconf 73' lang='grc' dir='ltr'><strong><em>παραγίγνεται</em></strong></span> <span class='ocrx_word' id='word_1_378' title='bbox 1310 2189 1392 2224; x_wconf 61' lang='lat' dir='ltr'><strong><em>Vnt.</em></strong></span> 
     </span>
     <span class='ocr_line' id='line_1_35' title="bbox 116 2235 1438 2319; baseline -0.005 -42"><span class='ocrx_word' id='word_1_379' title='bbox 116 2247 171 2277; x_wconf 78' lang='lat'><strong><em>21.</em></strong></span> <span class='ocrx_word' id='word_1_380' title='bbox 198 2241 388 2288; x_wconf 82' lang='grc' dir='ltr'><strong><em>παρέσται]</em></strong></span> <span class='ocrx_word' id='word_1_381' title='bbox 413 2239 656 2286; x_wconf 79' lang='grc' dir='ltr'><strong><em>παραγίνεται</em></strong></span> <span class='ocrx_word' id='word_1_382' title='bbox 679 2252 710 2274; x_wconf 86' lang='lat' dir='ltr'><strong><em>v.</em></strong></span> <span class='ocrx_word' id='word_1_383' title='bbox 830 2242 884 2273; x_wconf 79' lang='lat'><strong><em>22.</em></strong></span> <span class='ocrx_word' id='word_1_384' title='bbox 917 2235 1130 2319; x_wconf 69' lang='grc' dir='ltr'><strong><em>ἐφαρμόσεῖ</em></strong></span> <span class='ocrx_word' id='word_1_385' title='bbox 1161 2248 1212 2270; x_wconf 72' lang='grc' dir='ltr'><strong><em>-ει</em></strong></span> <span class='ocrx_word' id='word_1_386' title='bbox 1237 2246 1256 2270; x_wconf 85' lang='grc' dir='ltr'>θ</span> <span class='ocrx_word' id='word_1_387' title='bbox 1281 2245 1370 2271; x_wconf 85' lang='lat' dir='ltr'>corr.</span> <span class='ocrx_word' id='word_1_388' title='bbox 1396 2235 1438 2270; x_wconf 92' lang='lat' dir='ltr'><strong><em>V.</em></strong></span> 
     </span>
     <span class='ocr_line' id='line_1_36' title="bbox 115 2280 1439 2331; baseline -0.007 -7"><span class='ocrx_word' id='word_1_389' title='bbox 115 2289 246 2329; x_wconf 79' lang='grc' dir='ltr'><strong><em>κύκλος</em></strong></span> <span class='ocrx_word' id='word_1_390' title='bbox 292 2299 361 2323; x_wconf 89' lang='lat' dir='ltr'><strong><em>om.</em></strong></span> <span class='ocrx_word' id='word_1_391' title='bbox 388 2288 475 2331; x_wconf 78' lang='lat' dir='ltr'><strong>Vat,</strong></span> <span class='ocrx_word' id='word_1_392' title='bbox 513 2287 595 2321; x_wconf 79' lang='lat' dir='ltr'><strong>add.</strong></span> <span class='ocrx_word' id='word_1_393' title='bbox 623 2297 733 2331; x_wconf 80' lang='lat' dir='ltr'><strong>supra</strong></span> <span class='ocrx_word' id='word_1_394' title='bbox 756 2298 803 2320; x_wconf 91' lang='lat' dir='ltr'><strong><em>m.</em></strong></span> <span class='ocrx_word' id='word_1_395' title='bbox 830 2289 861 2319; x_wconf 80' lang='lat'><strong><em>2.</em></strong></span> <span class='ocrx_word' id='word_1_396' title='bbox 1004 2286 1058 2318; x_wconf 81' lang='lat'><strong><em>24.</em></strong></span> <span class='ocrx_word' id='word_1_397' title='bbox 1083 2296 1103 2318; x_wconf 80' lang='grc' dir='ltr'><strong><em>τ</em></strong></span> <span class='ocrx_word' id='word_1_398' title='bbox 1128 2283 1165 2329; x_wconf 82' lang='grc' dir='ltr'><strong><em>ν]</em></strong></span> <span class='ocrx_word' id='word_1_399' title='bbox 1191 2293 1279 2316; x_wconf 86' lang='lat' dir='ltr'>corr.</span> <span class='ocrx_word' id='word_1_400' title='bbox 1305 2292 1349 2316; x_wconf 79' lang='lat' dir='ltr'><strong><em>ex</em></strong></span> <span class='ocrx_word' id='word_1_401' title='bbox 1372 2280 1439 2325; x_wconf 72' lang='grc' dir='ltr'><strong><em>τήν</em></strong></span> 
     </span>
    </p>
   </div>
   <div class='ocr_carea' id='block_1_5' title="bbox 115 2337 316 2371">
    <p class='ocr_par' dir='ltr' id='par_1_5' title="bbox 115 2337 316 2371">
     <span class='ocr_line' id='line_1_37' title="bbox 115 2337 316 2371; baseline -0.01 0"><span class='ocrx_word' id='word_1_402' title='bbox 115 2348 162 2371; x_wconf 88' lang='lat' dir='ltr'><strong><em>m.</em></strong></span> <span class='ocrx_word' id='word_1_403' title='bbox 189 2339 209 2369; x_wconf 80' lang='lat'><strong>2</strong></span> <span class='ocrx_word' id='word_1_404' title='bbox 269 2337 316 2370; x_wconf 67' lang='lat' dir='ltr'><strong><em>at.</em></strong></span> 
     </span>
    </p>
   </div>
  </div>
 </body>
</html>
