1494 2450
535 83 875 122 PRAENOMENA
1327 83 1381 125 67

91 212 189 240 nam
225 197 522 240 describantur
554 211 631 252 per
670 199 719 250 Θ,
747 198 808 250 Κ,
835 198 895 249 A,
921 197 979 236 M
1007 193 1157 237 circuli
1190 194 1385 249 paralleli

35 265 146 318 ΝΘ,
171 262 277 317 ΞΚ,
306 265 404 317 ΟΛ,
432 266 480 304 Π
484 265 542 304 Μ
570 264 612 303 01
636 276 714 316 per
742 263 833 303 ΘΚ
854 260 1005 304 circuli
1028 260 1207 302 maximi
1232 260 1386 302 descri-

33 328 188 371 bantur
207 330 350 383 ΣΘΦ,
377 330 498 370 ΤΚΧ
520 327 728 371 circulum
751 329 831 368 ΡΣ
853 326 1164 382 contingentes,
1189 328 1237 368 ut
1263 340 1385 367 arcus

35 393 287 437 circulorum
315 394 618 448 parallelorum
644 393 756 434 inter
783 395 876 446 ΑΡ,
902 393 1047 442 ΣΘΦ,
1080 394 1203 434 ΤΚΧ
1224 391 1385 434 similes

34 459 120 502 sint
143 458 369 515 [Theodos.
390 458 432 501 II
454 459 544 514 13],
569 459 652 501 hoc
678 461 743 500 est
768 458 829 500 ita
854 457 1163 512 describantur,
1189 460 1238 499 ut
1264 459 1387 500 semi-

34 524 218 567 circulus
244 524 296 566 ab
324 528 362 566 P
383 525 436 567 ad
462 527 605 580 partes
633 528 686 579 A,
707 527 757 566 Ν
775 538 863 566 11011
888 526 1114 567 concurrat
1140 539 1237 567 cum
1264 524 1386 565 semi-

34 590 201 633 circulis
227 605 303 645 per
327 594 389 645 Σ,
423 593 462 632 Τ
486 589 713 646 descriptis
740 589 793 631 ad
820 593 878 644 X,
908 592 960 631 Φ.
1001 603 1125 632 arcus
1154 592 1264 644 ΝΘ,
1291 588 1386 643 ΞΤ,

34 657 121 698 ΒΦ
157 656 268 698 inter
304 670 348 699 se
385 655 575 712 oppositi
613 658 736 711 sunt3
781 669 911 710 quare
946 655 1076 697 etiam
1115 670 1238 698 arcus
1282 658 1386 710 ΤΚ,

39 721 166 777 ΦΧᾸ)
197 722 342 777 itaque
369 736 454 776 quo
481 723 673 776 tempore
697 724 735 763 Θ
753 734 898 763 arcum
922 723 1011 763 ΘΝ
1025 721 1248 776 percurrit,
1274 735 1323 763 eo
1345 724 1387 764 et

38 790 77 828 Y
104 800 247 828 arcum
278 786 359 834 ΥΞ
389 786 601 842 percurrit
632 788 675 827 et
711 788 751 828 Φ
781 800 925 828 arcum
956 788 1041 828 ΦΒ
1072 787 1294 841 percurrit.
1344 790 1387 829 et

35 851 236 907 quoniam
263 866 347 907 quo
375 854 567 907 tempore
596 855 633 893 Θ
658 866 803 894 arcum
835 854 923 893 ΘΝ
942 852 1176 908 percurrit,
1211 855 1292 894 ΘΑ
1319 867 1385 894 00-

34 917 150 972 cidit,
178 932 262 972 quo
283 919 475 972 tempore
495 920 538 959 et
563 921 600 958 Y
622 932 767 959 arcum
793 917 866 965 ΤΞ
883 918 1094 972 percurrit
1115 920 1158 960 et
1182 919 1221 960 Φ
1240 932 1385 960 arcum

35 984 142 1037 ΒΦ,
170 985 251 1024 ΘΑ
277 982 444 1024 occidit.
492 997 656 1037 rursus,
693 983 895 1037 quoniam
928 997 1012 1038 quo
1046 986 1238 1038 tempore
1270 986 1313 1026 et
1346 986 1386 1026 K

34 1062 177 1090 arcum
205 1051 250 1090 Κ
255 1048 293 1096 Ξ
315 1049 525 1103 percurrit
551 1051 593 1090 et
621 1052 664 1090 X
684 1063 829 1090 arcum
856 1052 900 1090 Χ
903 1051 939 1090 Β
948 1081 959 1102 ,
987 1051 1073 1090 KA
1100 1049 1268 1105 occidit,
1301 1064 1386 1104 quo

34 1115 225 1169 tempore
251 1116 296 1155 K
318 1127 461 1156 arcum
492 1116 536 1156 K
545 1118 583 1155 Y
603 1114 830 1169 percurrit,
861 1113 945 1156 hoc
970 1117 1035 1156 est
1061 1118 1105 1156 X
1125 1129 1270 1157 arcum
1298 1117 1388 1157 ΧΦ

35 1177 151 1236 (nam
177 1178 336 1222 similes
362 1178 494 1234 sunt),
520 1182 605 1221 ΚΘ
629 1179 795 1222 occidit.
847 1180 992 1222 eadem
1020 1180 1070 1222 de
1095 1194 1223 1223 causa
1247 1181 1389 1236 etiam,

93 1279 173 1317 sint
197 1279 338 1317 circuli
358 1279 555 1329 paralleli,
581 1292 652 1329 per
672 1292 770 1329 quos
790 1282 939 1330 puncta
958 1281 1008 1331 K,
1028 1282 1082 1330 A,
1103 1281 1167 1330 Μ,
1189 1282 1234 1318 Ν
1254 1281 1386 1318 ferun·

34 1339 110 1387 tur,
140 1339 234 1390 0111,
262 1340 346 1376 ΡΣ.
375 1340 464 1390 TY,
494 1340 590 1389 ΦΧ,
622 1341 662 1377 01
687 1339 962 1378 describantur
987 1352 1058 1389 per
1082 1341 1133 1389 K,
1159 1343 1200 1377 A
1224 1340 1389 1378 maximi

35 1397 170 1436 circuli
196 1399 287 1448 Ψα,
308 1398 381 1449 Ωβ
401 1398 595 1437 circulum
614 1401 685 1437 EZ
706 1399 982 1450 contingentes
1002 1394 1213 1452 (Theodos.
1229 1399 1280 1449 II,
1299 1394 1384 1453 15).

35 1457 223 1506 quoniam
249 1470 362 1496 arcus
387 1459 483 1509 ΒΚ,
509 1460 608 1509 ΚΛ,
635 1456 719 1500 ΛΞ
744 1459 929 1508 aequales
961 1459 1066 1497 inter
1090 1471 1131 1497 se
1157 1461 1269 1508 sunt,
1295 1461 1387 1510 Ηα,

34 1516 109 1567 αβ,
127 1513 196 1568 βΞ
214 1517 384 1556 maiores
408 1519 515 1556 inter
540 1530 581 1556 se
606 1520 700 1556 sunt
725 1531 749 1556 a
775 1518 946 1556 maximo
966 1519 1040 1556 Ηα
1059 1519 1294 1568 incipientes
1315 1514 1385 1572 (ib.

34 1574 106 1624 ΠΙ,
127 1570 184 1630 8).
227 1576 308 1615 iam
334 1579 523 1627 quoniam
548 1590 662 1616 arcus
687 1579 761 1616 Hoc
786 1578 913 1616 maior
938 1579 1000 1616 est
1025 1591 1143 1627 quam
1169 1579 1245 1630 αβ,
1270 1591 1386 1617 arcus

35 1636 106 1674 Ηα
137 1638 269 1674 autem
300 1636 441 1675 similis
468 1638 578 1675 arcui
607 1638 679 1675 ΟΚ
704 1632 842 1690 (ib.H‚
861 1632 933 1690 13)
960 1640 1000 1676 et
1025 1637 1083 1688 αβ
1108 1638 1250 1676 similis
1277 1640 1387 1677 arcui

35 1697 117 1744 ςΛ,
142 1695 263 1733 etiam
287 1697 358 1734 ΟΚ
382 1696 512 1734 maior
536 1699 597 1735 est
621 1709 739 1746 quam
766 1696 908 1735 similis
927 1697 1036 1735 arcui
1059 1699 1138 1748 ςΛ,
1163 1698 1234 1736 ΟΚ
1254 1700 1387 1736 autem

33 1754 162 1793 minor
186 1757 247 1793 est
271 1768 394 1805 quam
419 1756 560 1795 similis
586 1757 698 1794 arcui
718 1758 806 1795 AP.
839 1757 892 1795 sit
917 1757 1027 1795 arcui
1052 1757 1123 1795 ΟΚ
1149 1757 1290 1796 similis
1311 1760 1386 1810 Λγ.

34 1814 167 1863 itaque
202 1826 281 1864 quo
316 1816 492 1864 tempore
524 1817 716 1865 punctum
748 1818 786 1854 Κ
821 1828 1003 1855 exorsum
1034 1829 1058 1854 a
1090 1818 1137 1866 K,
1174 1819 1388 1866 postquam

35 1884 169 1911 arcum
193 1875 276 1912 ΚΟ
306 1875 519 1924 percurrit,
551 1875 600 1912 ad
632 1876 665 1913 O
689 1876 890 1925 pervenit,
921 1888 967 1914 eo
993 1877 1114 1914 etiam
1141 1879 1180 1914 A
1207 1889 1388 1915 exorsum

36 1943 59 1969 a
83 1935 135 1981 A,
159 1935 372 1983 postquam
398 1947 533 1973 arcum
558 1937 628 1986 Λγ
654 1936 861 1984 percurrit,
894 1935 945 1973 ad
968 1951 992 1987 y
1017 1936 1223 1985 perveniet
1249 1939 1288 1974 et
1313 1937 1386 1975 cir-

37 1991 146 2031 culus
171 1992 352 2031 zodiacus
376 1993 613 2044 positionem
640 1993 804 2033 habebit
821 1994 931 2046 706.
963 1995 1044 2033 iam
1064 1997 1253 2045 quoniam
1273 2009 1387 2035 arcus

97 2077 131 2120 1)
148 2075 214 2129 E.⁸'‘
229 2087 325 2121 quae
339 2078 555 2121 sequuntur,
569 2077 609 2112 in
622 2078 728 2114 codd.
741 2088 765 2113 a
778 2079 939 2124 pessime
953 2060 1160 2124 depravata
1167 2060 1260 2115 sunt
1267 2082 1312 2126 (v
1323 2061 1388 2115 ad-

36 2133 113 2167 par.
128 2125 241 2169 cnt.);
261 2135 331 2170 ego
350 2125 511 2171 vestigia
524 2125 606 2161 cod.
620 2125 664 2169 V,
685 2128 867 2170 quantum
881 2127 961 2162 fieri
973 2128 1110 2173 potuit,
1130 2129 1280 2164 secutus
1294 2140 1387 2163 sum.

37 2199 76 2234 ἐν
101 2194 129 2247 ᾧ
150 2199 191 2235 δὲ
216 2200 257 2236 τὸ
288 2203 321 2236 ‘1‘
347 2201 415 2247 τὴν
443 2203 516 2242 ΤΞ
545 2201 740 2249 διέρχεται,
765 2203 788 2249 ἡ
819 2205 885 2239 ΘΑ
912 2204 1034 2249 δύνει,
1067 2205 1107 2240 ἐν
1133 2200 1161 2252 ᾧ
1186 2196 1263 2250 ἄρα
1287 2205 1328 2240 τὸ
1353 2186 1391 2240 Κ

36 2245 103 2292 τὴν
128 2250 164 2282 K
173 2250 206 2283 ‘P
227 2250 333 2294 (corr.
359 2260 405 2284 ex
429 2253 466 2285 Κ
473 2251 520 2296 Ξ)
545 2249 747 2296 διέρχεται,
778 2251 801 2297 ἡ
827 2254 896 2287 ΚΑ
928 2251 1051 2297 δύνει,
1083 2254 1124 2288 ἐν
1149 2246 1177 2299 ᾧ
1204 2253 1244 2288 δὲ
1269 2252 1311 2288 τὸ
1341 2255 1386 2287 T:

37 2294 73 2340 (ἡ
97 2297 166 2330 ΚΑ
193 2316 237 2322 -
266 2298 298 2331 '1’
319 2295 468 2333 lineolis
494 2296 582 2341 del.)
608 2307 642 2333 a.

97 2371 132 2407 b.
157 2376 190 2408 4.
216 2371 308 2418 ἐπεί]
335 2374 400 2409 καὶ
425 2374 506 2410 ἐπεὶ
531 2387 579 2410 m.
607 2379 627 2409 2
654 2356 779 2410 vat.m
818 2356 837 2358 '⁷
