1494 2450
0 189 2 205 Ι

569 30 873 68 FRAGMENTA
1315 32 1403 76 277

6 123 7 130 ἵ
46 145 157 199 πρὸς
192 145 246 186 τὰ
277 144 361 188 ἀπὸ
394 147 498 199 ΒΔ,
524 146 620 187 ΔΓ
651 141 719 186 ἐπὶ
759 140 841 198 μὲν
877 149 954 197 τῆς
989 142 1163 197 πρώτης
1200 142 1407 191 πτώσεως

0 231 4 267 3¹
47 208 245 253 ἐλάσσων
269 210 380 265 πρὸς
402 212 592 266 μείζονα,
617 207 685 252 ἐπὶ
715 208 764 251 δὲ
788 214 864 263 τῆς
890 206 1101 263 δευτέρας
1119 208 1278 262 μείζων
1295 207 1407 261 πρὸς

2 286 3 290 ’
47 274 274 317 ἐλάσσονα.
324 275 458 330 λέγω,
496 275 563 318 ὅτι
593 275 643 317 τὸ
679 276 721 316 Γ
752 274 932 316 ἅπτεται
962 273 1110 315 κώνου
1141 278 1296 327 τομῆς,
1334 271 1405 314 ἐπὶ

0 342 1 346 ’
46 338 127 393 μὲν
151 347 226 395 τῆς
250 341 425 396 πρώτης
443 341 651 390 πτώσεως
671 339 917 391 ἐλλείψεως,
945 337 1014 381 ἐπὶ
1035 336 1084 381 δὲ
1103 343 1178 392 τῆς
1198 336 1406 391 δευτέρας

46 406 127 448 ὑπε
188 408 267 448 ολ”
293 439 302 448 .

107 407 198 513 ἐῖτξὶ
229 422 314 528 ἒιξρ
346 473 476 526 λόγος
501 470 622 515 ἐστὶν
646 477 727 513 τοῦ
753 469 837 512 ἀπὸ
864 474 951 512 AA
982 469 1093 523 πρὸς
1118 470 1171 511 τὰ
1197 468 1281 511 ἀπὸ
1308 471 1405 522 ΒΔ,

47 539 142 591 ΔΓ,
169 536 192 579 ὁ
219 536 352 587 αὐτὸς
376 537 496 594 αὐτῷ
521 535 736 592 γεγονέτω
763 535 787 578 ὁ
813 541 893 578 τοῦ
913 534 997 578 ἀπὸ
1019 537 1101 577 BA
1121 534 1231 589 πρὸς
1250 535 1298 576 τὸ
1319 534 1404 576 ἀπὸ

554 665 1105 871 i-

1153 856 1191 888 Η

319 906 347 937 A
440 898 470 934 E
530 895 563 929 Θ
606 895 639 927 Δ
687 905 716 940 Β
761 901 791 936 z

47 1018 90 1055 A
101 1016 158 1055 E·
192 1012 262 1055 ἐπὶ
292 1010 373 1065 μὲν
404 1007 488 1052 οὖν
518 1016 595 1065 τῆς
624 1011 798 1065 πρώτης
828 1011 1032 1060 πτώσεως
1059 1009 1257 1052 ἐλάσσων
1283 1009 1404 1053 ἐστὶν

48 1079 72 1133 ἡ
99 1082 180 1121 BA
206 1084 282 1133 τῆς
307 1079 405 1131 ΔΕ,
432 1073 501 1117 ἐπὶ
528 1072 577 1117 δὲ
601 1081 679 1130 τῆς
704 1074 913 1131 δευτέρας
936 1077 1096 1130 μείζων
1122 1075 1243 1118 ἐστὶν
1268 1076 1296 1131 ἡ
1322 1079 1404 1118 BA

47 1151 121 1198 τῆς
154 1146 252 1186 ΔΕ.
302 1143 469 1185 κείσθω
508 1137 591 1183 οὖν
625 1147 676 1196 τῇ
712 1143 795 1182 EA
830 1140 903 1195 ἴση
937 1140 964 1195 ἡ
997 1144 1040 1182 A
1051 1144 1096 1183 Z.
1149 1140 1239 1183 ἐπεὶ
1275 1143 1403 1196 λόγος

49 1795 170 1840 ἐστὶν
193 1803 274 1846 τοῦ
294 1797 379 1840 ἀπὸ
399 1801 486 1848 AA
504 1800 614 1854 πρὸς
634 1799 686 1840 τὰ
706 1797 789 1840 ἀπὸ
812 1800 855 1840 Γ
849 1802 905 1853 A,
925 1801 1024 1852 ΛΒ,
1049 1800 1126 1840 καί
1142 1796 1263 1840 ἐστιν
1283 1797 1403 1854 αὐτῷ

49 1861 73 1903 ὁ
104 1862 238 1912 αὐτὸς
268 1861 292 1907 ὁ
322 1869 402 1906 τοῦ
433 1863 518 1906 ἀπὸ
551 1866 635 1906 ΕΔ
665 1864 776 1917 πρὸς
806 1863 855 1905 τὸ
886 1863 970 1905 ἀπὸ
997 1866 1106 1913 ΔΒ,
1145 1861 1216 1904 καὶ
1249 1862 1405 1912 λοιπὸς

110 1964 142 1996 2.
169 1961 331 1998 ἐλάσσων
355 1961 449 2007 πρὸς
473 1963 638 2010 μείζονα]
664 1962 796 2009 μείζων
821 1961 915 2007 πρὸς
940 1962 1120 1999 ἐλάσσονα
1141 1961 1298 1997 Hultsch
1319 1972 1403 1997 cum

50 2008 328 2046 Commandino.
450 2010 583 2055 μείζων
607 2010 701 2055 πρὸς
725 2010 918 2055 ἐλάσσονα]
946 2010 1108 2046 ἐλάσσων
1133 2007 1226 2053 πρὸς
1251 2007 1402 2054 μείζονα

49 2055 210 2091 Hultsch
235 2067 318 2093 cum
344 2057 627 2094 Commandino.
745 2063 775 2093 7.
804 2059 883 2105 BA]
906 2061 972 2093 EA
997 2057 1157 2093 Hultsoh
1183 2068 1268 2092 cum
1295 2058 1402 2091 Com-

48 2103 237 2139 mandino.
318 2108 352 2140 8.
377 2107 458 2152 AE]
486 2109 549 2141 AB
574 2105 736 2142 Hultsch
761 2117 847 2141 eum
873 2105 1155 2141 Commandino.
1237 2108 1292 2139 10.
1321 2101 1402 2152 οὖν]

50 2149 107 2186 ὅτι
131 2151 223 2195 cod„
250 2162 320 2187 om.
347 2152 506 2189 Hultach
532 2165 618 2188 eum
643 2153 921 2190 Commandino.
1070 2157 1122 2188 12.
1153 2152 1405 2188 Permutanda.

50 2200 155 2234 erant
186 2200 253 2234 ΕΔ
285 2202 324 2236 et
353 2203 442 2244 AB;
481 2201 547 2236 sed
580 2201 642 2236 hic
677 2212 789 2245 error,
827 2201 1002 2246 quoniam
1037 2212 1120 2236 cum
1155 2200 1235 2235 ulla
1268 2199 1403 2245 proba.-

49 2245 196 2281 bilitate
227 2247 364 2294 corrigi
394 2259 469 2285 non
498 2250 632 2293 potest,
663 2249 791 2294 Pappo
823 2248 896 2294 ipsi
921 2248 1141 2284 tribuendus
1167 2250 1231 2282 est.
1282 2248 1404 2284 totam

51 2293 405 2330 demonstrationem
429 2296 658 2340 pessumdat.

1432 1156 1475 1188 10
