1494 2450
404 40 734 78 INTRODUOTIO
761 39 1052 77 HARMONICA
1315 40 1402 83 205

49 151 387 209 designantur
417 155 561 194 autem
591 166 668 207 per
698 165 899 194 numeros
932 166 1104 207 quoque
1130 151 1294 193 colores
1320 151 1403 193 hoc

48 218 189 262 modo.
238 233 339 260 nam
383 218 642 274 supponitur
683 220 811 260 tonus
851 217 894 259 in
933 217 1157 260 duodecim
1195 216 1403 272 quasdam

32 269 190 341 ῙΡαήθε
215 284 414 327 minimas
440 283 613 339 divisus,
639 298 820 339 quarum
845 297 1126 338 unaquaeque
1142 282 1404 325 duodecima

30 402 32 406 Ι
46 364 145 407 pars
170 351 264 392 toni
287 352 477 393 vocatur.
510 349 657 392 eodem
683 349 812 391 modo
839 363 888 392 ac
912 352 1041 391 tonus
1068 351 1208 392 cetera
1232 362 1403 404 quoque

28 415 274 470 §intervalla
311 415 578 471 dividuntur3
616 415 893 458 semitonium
930 414 1044 457 enim
1077 415 1122 457 in
1154 429 1229 456 sex
1259 416 1402 469 partes

27 476 341 534 lvduodeeimas,
380 481 508 524 diesis
548 480 841 536 quadrantalis
880 480 926 523 in
962 483 1070 536 tres,
1107 479 1318 523 trientalis
1356 480 1403 522 in

26 550 261 603 Lquattuor,
286 549 427 590 totum
454 547 719 590 diatessaron
743 546 788 588 in
808 546 997 603 triginta.
1031 549 1159 601 atque
1178 545 1403 587 harmonia

23 622 26 648 i
46 615 221 656 canetur
239 628 316 669 per
335 612 672 670 magnitudinem
694 613 824 654 trium
843 612 1033 667 partium
1052 611 1401 654 duodecimarum

21 681 89 721 »et
118 678 251 721 trium
283 681 325 721 et
356 678 513 734 viginti
545 681 768 734 quattuor,
798 680 928 721 molle
960 681 1099 720 autem
1125 677 1300 720 chroma
1325 690 1402 732 per

19 736 23 776 1
47 746 250 800 quattuor
281 747 324 787 et
349 746 555 799 quattuor
581 747 623 787 et
648 743 806 800 viginti
833 744 1032 799 duarum,
1065 743 1400 799 sesquealterum

17 811 21 851 i
40 810 220 853 chroma
244 824 321 866 per
345 813 549 865 quattuor
575 810 702 852 semis
728 811 771 852 et
797 812 1003 865 quattuor
1029 808 1157 852 semis
1183 811 1225 851 et
1248 808 1401 865 viginti

16 880 18 912 5
44 875 183 931 unius,
208 877 426 919 toniaeum
453 876 631 918 chroma
656 890 732 931 per
757 890 830 918 sex
856 877 898 917 et
924 890 999 918 sex
1024 877 1067 917 et
1093 873 1402 930 duodeviginti,

13 951 15 998 j
45 943 175 984 molle
201 941 422 984 diatonum
448 957 525 997 per
549 956 625 984 sex
650 943 693 983 et
717 955 873 984 novem
899 944 942 983 et
968 940 1226 996 quindecim,
1256 942 1401 995 synto-

12 1021 13 1047 1
44 1021 147 1050 num
173 1022 249 1063 per
275 1022 349 1050 sex
374 1010 417 1049 et
442 1007 665 1050 duodecim
691 1010 733 1051 et
759 1007 994 1050 duodecim.

33 1118 35 1123 st
106 1073 145 1115 8.
188 1072 478 1128 Systematum
523 1073 787 1115 differentiae
825 1076 926 1115 sunt
964 1075 1138 1128 septem.
1196 1074 1402 1128 quattuor

32 1183 35 1187 ,
45 1139 216 1181 eaedem
230 1142 359 1195 atque
368 1140 411 1181 in
424 1139 675 1194 intervallis,
689 1139 929 1182 differentia
938 1141 981 1181 et
992 1138 1226 1180 secundum
1237 1138 1399 1194 magni-

28 1204 236 1260 Jtudinem
263 1208 305 1248 et
330 1205 562 1248 secundum
589 1219 724 1262 genus
750 1207 794 1247 et
818 1205 995 1247 consoni
1020 1206 1149 1259 atque
1175 1203 1338 1247 dissoni
1358 1206 1401 1246 et

0 1275 2 1308 ἴ
29 1269 266 1313 frationalis
292 1273 420 1327 atque
445 1271 725 1327 irrationalis3
754 1274 842 1313 tres
869 1273 1011 1312 autem
1038 1269 1237 1325 propriae
1263 1272 1400 1325 syste-

26 1339 207 1394 }matum
217 1337 480 1379 differentiae
491 1339 603 1391 sunt,
615 1336 855 1379 differentia
869 1336 1057 1379 ordinati
1068 1338 1109 1377 et
1119 1335 1400 1391 praeposteri,

24 1402 261 1463 ζοο11111111311
303 1404 348 1445 et
384 1402 608 1458 disiuncti,
651 1401 938 1445 immutabilis
977 1403 1019 1443 et
1057 1401 1288 1444 mutabilis.
1351 1415 1400 1442 ac

22 1466 338 1525 {magnitudine
376 1467 581 1510 differunt
617 1468 782 1510 maiora
816 1470 1052 1523 systemata
1089 1483 1115 1509 a,
1147 1467 1399 1522 minoribus,

6 1528 162 1590 &velut
197 1533 404 1589 diapason
432 1549 458 1575 a
489 1533 651 1576 tritono
683 1534 752 1576 vel
778 1549 803 1575 a
828 1533 1027 1588 diapente
1052 1533 1121 1575 vel
1147 1548 1172 1574 a
1197 1532 1399 1575 diatessa-

0 1634 6 1659 5
21 1599 28 1613 ᾗ
43 1612 123 1642 ron
158 1600 277 1642 vela
301 1598 526 1653 similibus.
577 1613 731 1654 genere
770 1601 913 1641 autem
950 1599 1152 1641 differunt
1185 1598 1400 1640 diatonica

43 1663 96 1706 ab
127 1664 386 1707 enarmoniis
418 1664 486 1707 vel
518 1664 810 1721 chromaticis,
843 1667 917 1706 aut
948 1664 1210 1707 chromatica
1235 1665 1304 1706 vel
1330 1678 1399 1705 en—

6 1728 12 1751 ²
43 1730 234 1772 armonia
260 1746 285 1773 a
308 1730 497 1785 reliquis.
547 1730 726 1773 consoni
759 1743 860 1773 vero
896 1733 939 1773 et
971 1730 1132 1772 dissoni
1157 1730 1399 1772 differentia

44 1794 241 1838 different
278 1810 338 1851 ea,
376 1810 484 1851 quae
522 1796 722 1838 consonis
761 1796 878 1838 sonis
914 1796 1203 1850 continentur,
1242 1795 1295 1838 ab
1332 1795 1399 1851 iis,

29 1872 150 1916 ³quae
176 1861 371 1904 dissonis.
404 1875 591 1903 consona
616 1863 760 1903 autem
787 1864 888 1904 sunt
912 1862 957 1904 in
983 1861 1245 1903 immutabili
1264 1864 1399 1916 syste-

42 1928 154 1969 mate
186 1926 536 1983 sex3-minimum
569 1930 634 1969 est
665 1926 949 1983 diatessaron,
979 1929 1183 1969 tonorum
1215 1926 1398 1969 duorum

43 1991 184 2047 semis,
216 1992 342 2047 quale
375 1995 440 2035 est
470 2006 709 2035 consonum
741 1991 794 2033 ab
827 1992 987 2048 hypate
1018 1992 1212 2048 hypaton
1244 1992 1297 2035 ad
1322 1993 1398 2047 hy-

26 2059 170 2112 paten
196 2071 362 2114 meson;
387 2057 621 2100 secundum
648 2058 858 2114 diapente,
884 2062 1084 2101 tonorum
1106 2059 1238 2101 trium
1259 2057 1398 2113 semis,

43 2123 167 2177 quale
193 2124 258 2165 est
284 2138 308 2165 a
332 2122 708 2178 proslambonemo
735 2124 789 2165 ad
813 2124 1004 2179 hypaten
1029 2139 1196 2180 meson;
1221 2125 1398 2166 tertium

42 2237 99 2270 24.
124 2235 279 2282 λοιπῶν]
298 2233 340 2271 τὸ
359 2241 488 2282 χρῶμα
508 2236 572 2271 καὶ
591 2234 632 2272 τὸ
653 2236 876 2282 ἐναρμόνιον
894 2242 961 2272 τοῦ
982 2236 1132 2273 διτόνου
1153 2235 1211 2271 W.
1264 2240 1319 2271 25
1340 2237 1397 2271 δι-

41 2280 148 2329 οίσει]
174 2283 342 2328 διαφορᾶ
367 2283 426 2320 W.
488 2288 544 2319 26.
571 2290 644 2319 τῶν
669 2283 742 2320 ὑπὸ
769 2285 988 2331 διαφώνων]
1015 2283 1152 2330 ὁμοίως
1177 2283 1311 2319 διοίσει
1336 2283 1396 2320 W.

87 2333 144 2365 28.
169 2320 330 2377 ἡμίσεος]
356 2331 421 2367 καὶ
444 2330 602 2378 ἡμίσεως
619 2331 678 2376 W,
704 2332 795 2368 item
820 2332 886 2368 lin.
908 2335 966 2367 30.
