1456 2456
106 109 254 144 XXXVI
592 108 917 144 PROLEGOMEN
918 109 950 143 A

102 213 253 258 interpr.
274 213 388 257 praef.
409 215 446 248 et
467 217 554 257 p.73
581 213 760 248 scholium
779 214 795 247 I
819 224 921 257 prop.
943 213 1050 257 ΧΠΙ).
1089 214 1127 248 in
1145 214 1216 249 fine
1235 216 1358 250 autem
1378 215 1431 250 ita

103 265 298 311 gloriatur:
315 266 381 301 ‘sic
392 265 556 300 Euclidis
569 265 824 300 Phaenomena
834 265 1029 300 Theodosii
1045 268 1082 301 et
1091 266 1249 302 Menelai
1262 267 1431 310 Sphaeri-

103 328 228 352 corum
254 317 477 352 adiumentis
502 318 559 351 usi
584 317 702 351 multa
725 317 871 352 facilius
897 328 1005 361 quam
1032 318 1163 353 author
1187 319 1341 360 fecerat,
1370 319 1430 353 de-

102 370 411 405 monstravimus'.
446 370 648 414 Maurolyci
671 370 1011 419 interpretationem
1031 371 1202 415 repetivit
1220 371 1258 405 F.
1273 371 1321 405 Μ.
1339 371 1430 406 Mer-

103 432 255 465 sennus,
290 422 488 456 Universae
523 421 745 467 geometriae
779 421 915 457 mixtae
949 422 1231 458 mathematicae
1265 424 1430 468 synopsis

103 474 269 519 (Parisiis
291 475 394 519 1544)
419 486 454 518 p.
469 478 663 508 249—255.

161 527 405 571 Dasypodius,
436 526 499 570 qui
527 525 705 561 ‘Euclidis
731 537 855 561 omnes
881 526 1043 560 omnium
1066 527 1240 562 librorum
1266 527 1428 572 proposi—

102 578 236 613 tiones’
259 579 395 613 Graece
422 581 458 613 et
483 579 612 612 Latine
639 578 756 613 edidit
775 578 999 623 Argentinae
1023 582 1124 623 1571,
1148 579 1187 614 in
1206 579 1430 615 Phaenome-

102 631 159 665 nis
191 641 336 674 quoque
367 631 565 674 scripturas
596 630 709 665 habet
734 630 838 665 codd.
859 630 969 666 Marc.
991 635 1056 665 301
1083 633 1121 666 et
1145 635 1230 674 302;
1262 643 1347 666 usus
1376 634 1432 667 est

104 685 226 717 autem
252 683 330 717 cod.
352 687 436 725 302;
469 694 556 717 nam
579 694 615 726 p.
632 685 685 725 78,
700 686 720 716 5
745 683 897 726 praebet
921 681 1105 728 Αἰγόκερω
1132 686 1174 728 (ν.
1197 686 1331 728 supra).
1375 695 1429 727 ea,

101 746 197 780 quae
221 737 385 770 mutasse
409 735 554 770 videtur
578 745 643 770 suo
662 735 789 777 Marte,
816 735 946 770 omitto
971 736 1151 800 persequi.
1187 748 1222 780 p.
1236 740 1314 779 112,
1326 740 1347 770 8
1366 748 1430 771 no-

102 797 185 822 vam
210 787 343 832 incipit
367 787 651 831 propositionem
677 789 713 831 (u
721 787 755 830 ¹.)

160 840 249 875 Post
269 839 522 884 Maurolycum
541 840 709 874 Latinam
729 840 1065 874 Phaenomenorum
1089 839 1430 885 interpretationem

102 892 222 927 edidit
246 892 422 936 Iosephus
442 891 572 935 Auria;
597 892 728 927 titulus
755 893 824 926 est:
847 891 1025 926 ‘Euclidis
1044 892 1309 927 Phaenomena.
1343 893 1430 928 Post

102 944 287 979 Zamberti
319 946 356 979 et
386 944 591 988 Maurolyci
622 944 839 988 editionem,
870 956 967 979 nunc
998 945 1147 979 tandem
1179 946 1223 979 de
1248 945 1430 980 Vaticana

102 996 330 1031 Bibliotheca
362 997 581 1041 deprompta
606 996 761 1032 Scholiis
793 997 954 1040 antiquis
986 998 1023 1031 et
1052 997 1178 1042 figuris
1210 998 1358 1041 optimis
1386 997 1430 1032 il-

101 1049 255 1083 lustrata
282 1050 318 1083 et
344 1050 389 1083 de
414 1048 553 1084 Graeca
582 1049 723 1094 lingua·
738 1049 776 1083 in
801 1049 970 1083 Latinam
996 1059 1178 1084 conversa.
1222 1051 1253 1083 A
1278 1049 1430 1094 Iosepho

100 1101 213 1135 Auria
231 1101 487 1145 Neapolitano.
523 1101 589 1136 His
616 1101 771 1136 additae
799 1103 884 1136 sunt
907 1101 1112 1146 Maurolyci
1136 1102 1262 1137 breves
1288 1102 1430 1146 aliquot

101 1154 369 1188 annotationes.
408 1154 548 1189 Romae
570 1154 719 1198 1591'.¹)
756 1153 794 1187 in
819 1154 1048 1198 praefatione
1071 1154 1186 1189 Auria
1206 1154 1429 1197 ‘Graecum’,

101 1205 240 1249 inquit,
269 1205 472 1250 ‘exemplar
501 1207 667 1241 nostrum
697 1206 983 1250 manuscriptum
1009 1218 1091 1241 cum
1116 1207 1284 1241 omnibus
1310 1217 1429 1242 exem-

100 1257 277 1303 plaribus,
300 1268 394 1302 quae
413 1258 452 1292 in
465 1258 648 1293 Vaticana
673 1259 862 1293 servantur
879 1258 1120 1302 Bibliotheca,
1148 1258 1429 1304 diligentissime

101 1309 334 1352 contulimus,
355 1310 502 1345 Scholia
521 1310 643 1345 omnia
663 1310 884 1354 antiquiora,
903 1321 998 1354 quae
1016 1310 1056 1345 in
1075 1310 1226 1345 diversis
1253 1313 1429 1346 annotata

100 1362 371 1406 exemplaribus
402 1362 496 1396 forte
527 1362 748 1405 invenimus,
779 1363 967 1398 latinitate
999 1363 1134 1398 donata
1164 1364 1240 1398 suis
1267 1363 1430 1408 proposi-

100 1413 264 1448 tionibus
283 1415 514 1448 annectenda
532 1415 769 1459 putavimus'.
803 1416 968 1459 sequitur
987 1415 1102 1450 Auria
1119 1415 1367 1451 recensionem
1386 1417 1428 1458 b3

100 1465 213 1500 habet
232 1466 330 1500 enim
350 1466 681 1501 demonstrationes
701 1466 847 1508 alteras,
874 1467 1013 1502 scholia
1034 1471 1112 1511 127,
1127 1471 1203 1510 128,
1220 1471 1285 1502 129
1311 1468 1429 1502 textui

98 1518 238 1553 inserta
263 1517 534 1563 scripturasque
559 1531 604 1553 m.
621 1523 640 1553 2
667 1519 745 1554 cod.
754 1520 836 1554 Vat.
857 1519 1172 1564 (interpolationes
1197 1531 1244 1553 m.
1265 1530 1335 1554 rec.
1356 1531 1428 1554 non

99 1570 235 1615 habet).
273 1571 384 1605 verba
408 1583 443 1616 p.
459 1575 491 1614 8,
506 1575 549 1605 27
575 1570 862 1616 κόσμου-10,2
887 1570 1002 1607 τόπον
1025 1572 1106 1616 ‘pro
1131 1572 1346 1616 hypothesi’
1368 1572 1428 1607 de-

99 1623 258 1667 sumpsit
287 1633 306 1657 e
337 1623 546 1658 recensione
577 1633 600 1658 a
632 1624 831 1668 eodemque
858 1624 938 1658 loco
966 1623 1150 1668 ‘praebet,
1188 1635 1260 1667 quo
1286 1624 1364 1659 cod.
1386 1623 1427 1658 V.

101 1674 281 1709 Graecum
306 1677 429 1710 autem
455 1675 589 1710 Auriae
623 1675 806 1721 exemplar
836 1678 892 1710 est
924 1676 1002 1710 cod.
1023 1679 1085 1718 223
1116 1676 1255 1710 omittit
1280 1687 1362 1710 cum
1387 1686 1429 1711 eo

100 1739 135 1772 p.
151 1731 206 1770 38,
222 1731 265 1761 18
291 1727 379 1772 λέγω
405 1748 448 1753 —
477 1731 520 1762 20
547 1726 736 1771 φαίνεταις
766 1739 801 1771 p.
817 1731 871 1771 98,
889 1732 929 1762 15
957 1727 1162 1770 ἐξαλλάσσει
1192 1728 1233 1763 τὸ
1265 1726 1428 1772 φανερὸν

99 1778 340 1823 ἡμισφαίριον
360 1782 403 1823 (v.
425 1779 509 1824 adp.
530 1781 611 1822 cr.);
635 1792 670 1824 p.
689 1783 766 1821 155,
780 1784 799 1814 6
821 1779 877 1825 μή.
917 1791 989 1815 non
1009 1779 1141 1821 obstat,
1167 1780 1265 1824 quod
1289 1792 1323 1824 p.
1339 1784 1394 1823 20,
1408 1785 1427 1814 2

99 1842 165 1876 pro
189 1831 299 1875 ἔσται,
319 1832 416 1875 quod
437 1831 516 1867 cod.
533 1836 576 1866 22
603 1832 752 1875 omittit,
777 1832 891 1867 habet
910 1833 982 1875 est,
1007 1831 1093 1866 lieet
1111 1831 1194 1866 aliis
1214 1831 1304 1867 locis
1324 1843 1428 1867 accu-

98 1885 179 1918 rate
198 1883 472 1927 interpretetur:
500 1884 592 1927 erit,
612 1884 711 1920 velut
729 1896 763 1929 p.
782 1889 834 1927 12,
849 1889 909 1927 22;
932 1889 984 1927 14,
1000 1888 1031 1926 2,
1046 1887 1084 1928 43
1106 1888 1159 1926 16,
1174 1887 1211 1925 2ς
1238 1887 1293 1927 20,
1307 1888 1348 1919 11
1365 1884 1428 1927 al.;

99 1936 167 1970 est
192 1935 306 1970 Auria
332 1935 479 1970 addidit
505 1936 551 1971 de
576 1947 650 1971 suo.

160 1986 356 2032 Gregorius
380 1988 418 2021 in
437 1988 667 2032 praefatione
687 1988 733 2023 de
751 1988 1017 2024 Phaenomenis
1042 1988 1132 2023 haec
1151 1988 1260 2023 dicit:
1288 1989 1341 2023 ‘in
1360 1989 1427 2024 hoc

100 2040 243 2075 edendo
270 2040 413 2075 codices
438 2051 522 2074 mss.
550 2040 748 2086 diligenter
772 2041 1010 2084 contulimus,
1040 2042 1082 2075 ut
1111 2041 1232 2076 textus
1258 2041 1428 2083 Graecus,

99 2091 164 2136 qui
188 2103 286 2126 nune
312 2092 429 2137 primo
455 2092 573 2126 lucem
599 2093 743 2137 aspicit,
769 2104 879 2138 quam
906 2092 1211 2138 castigatissimus
1236 2093 1426 2137 prodiret'.

98 2144 165 2179 hos
186 2145 331 2180 codices
349 2144 583 2189 perspicuum
604 2147 660 2179 est
685 2145 797 2180 fuisse
823 2144 1042 2180 recensionis
1061 2144 1083 2179 b
1110 2147 1219 2190 atque
1238 2145 1427 2180 abundan-

100 2198 156 2230 tes
189 2196 399 2267 exhibuisse
430 2196 733 2241 interpolationes
765 2197 842 2232 cod.
857 2197 940 2232 Vat.
967 2209 1012 2232 m.
1033 2200 1052 2231 2
1085 2198 1122 2231 et
1153 2209 1198 2232 m.
1220 2208 1290 2232 rec.
1315 2197 1353 2231 in
1383 2198 1427 2232 iis

161 2302 193 2345 1)
219 2264 431 2351 Editionem
457 2312 489 2335 a.
512 2305 600 2335 1609
627 2313 699 2335 non
726 2302 810 2336 vidi
