1494 2450
176 86 255 127 126
410 92 413 96 ·
711 90 951 126 APPENDIX
1490 89 1494 111 ¹

169 191 209 239 Ξ
230 201 409 248 σημεῖον
433 195 572 249 τῆν’·Ι
533 210 567 243 Η
583 198 631 237 Ψ
652 197 931 276 περιφέρειαν
956 199 1270 255 διαπορεύεται,
1295 201 1318 243 ὁ
1337 203 1494 258 xpm!

168 254 300 310 ἐστίν,
337 256 386 299 ἐν
424 253 457 315 ᾦ
488 260 513 314 ἡ
546 259 633 307 ΣΗ
666 261 919 317 περιφέρεια
950 261 1189 313 ἐξαλλάττει
1220 265 1268 306 τὸ
1301 265 1494 321 φανερδνέ

167 320 476 376 ἡμισφαιριον·
521 323 543 365 ὁ
571 322 618 365 δὲ
643 326 816 381 χρόνος,
846 324 896 368 ἐν
921 342 954 383 ῳ
980 327 1028 369 τὸ
1054 330 1097 368 Χ
1117 335 1295 383 σημεῖον
1318 330 1398 383 τὴν
1418 332 1494 378 R!

167 385 449 441 περιφέρειαν
482 388 804 443 διαπορεύεται,
835 389 858 431 ὁ
883 392 1041 444 χρόνος
1063 389 1247 446 ἑστίν,’
1234 408 1282 433 εν
1306 387 1383 449 ᾧὴ
1413 386 1494 437 ΤΧῈ

122 459 141 489 5
168 446 413 498 ὲξαλλαττει
450 451 497 492 τὸ
537 453 731 507 φανερὸν
764 453 1071 531 ἡμισφαίριον·
1122 454 1170 497 εν
1204 457 1372 498 πλείονι
1407 458 1494 515 &Qut

165 515 306 570 χρόνῳ
331 514 357 568 ἡ
383 514 471 562 ΣΗ
499 513 740 565 εξαλλάττει
772 519 820 559 τὸ
853 518 1047 574 φανερὸν
1077 520 1360 575 ἡμισφαίριον
1381 517 1494 577 ἥπορξ

164 576 190 630 ἡ
222 579 310 618 ΤΧ.
359 581 435 619 καί
463 578 583 621 ἐστιν
613 580 639 634 ἡ
664 580 751 628 ΣΗ
779 580 928 635 ἔγγιον
958 588 1038 624 τοῦ
1068 587 1252 638 θερινοῦ
1282 591 1494 639 τροπικοῢι

162 641 312 696 ἤπερ”
290 657 317 696 η
344 645 426 684 ΤΧ.
453 659 501 685 εν
519 645 726 686 πλείονι’
709 647 791 700 ἄρα
810 648 952 702 χρόνῳ
971 645 1213 696 ἐξαλλάττει
1231 648 1279 690 τὸ
1299 648 1494 704 φανερὸνι

163 705 449 760 ἡμισφαίριον
481 708 507 762 ἡ
540 710 689 762 ἔγγιον
718 715 796 750 τοῦ
827 714 1011 765 θερινοῦ
1043 718 1252 767 τροπικοῦ
1284 718 1355 766 τῆς
1379 706 1494 760 ἀπό-Ἠ

95 779 137 810 10
164 784 301 823 τερον.

223 834 427 884 ὡσαύτως
466 833 512 877 δε
550 836 622 878 καὶ
658 835 729 878 επὶ
760 844 838 879 τοῦ
868 839 971 890 μετὰ
1003 840 1080 881 τὸν
1111 841 1364 895 Αίγόκερων
1392 840 1494 899 ἥμιν-ι

164 901 344 940 κυκλίου
371 900 414 940 αἱ
442 903 531 942 ἴσαι
555 900 829 956 περιφέρειαι
856 902 935 944 οὐκ
961 901 1009 944 ἓν
1036 907 1146 953 ἴσοις
1171 905 1345 958 χρόνοις
1369 902 1489 954 ἐξαλ

162 960 374 1004 stoico-ovat
410 964 458 1005 τὸ
497 966 692 1019 φανερὸν
726 966 1022 1020 ἡμισφαίριον,
1059 966 1158 1008 ἀλλ’
1182 967 1234 1010 ἐν
1264 970 1428 1010 πλείονι
1455 968 1494 1031 ἡ1

161 1023 311 1079 ἔγγιον
342 1033 420 1070 τοῦ
452 1032 637 1083 θερινοῦ
662 1036 871 1084 τροπικοῦ
896 1036 971 1084 τῆς
996 1030 1230 1086 ἀπώτερον,
1260 1047 1309 1073 εν
1336 1036 1413 1089 ἴσῳ
1435 1029 1494 1091 ‘m

92 1101 133 1130 15
160 1091 203 1131 αἱ
230 1090 328 1133 ἴσον
352 1090 589 1146 ἀπέχουσαι
616 1093 910 1147 ὁποτερασοῦν
933 1102 1021 1136 τῶν
1045 1103 1265 1150 συναφῶν.
1492 1093 1494 1133 ἶ

218 1152 327 1196 ἔστω
364 1154 414 1197 ἐν
438 1157 588 1213 κόσμῳ
620 1156 775 1211 ὁρίζων
806 1156 829 1199 ὁ
861 1161 1056 1211 ΑΒΓΔ,
1095 1158 1166 1200 καὶ
1196 1161 1375 1215 θερινὸς
1404 1156 1494 1232 μὲνῆ

158 1220 364 1273 τροπικὸς
389 1219 411 1261 ὁ
439 1224 544 1270 ΑΔ,
582 1220 604 1262 ὁ
637 1221 686 1262 δὲ
716 1228 804 1262 τῶν
835 1223 1000 1278 ζῳδίων
1024 1224 1180 1273 κύκλος
1204 1224 1334 1266 θέσιν
1357 1222 1494 1282 ὲχέτωη

158 1283 238 1335 τὴν
257 1285 396 1337 ΒΕΓ,
422 1284 494 1326 καὶ
519 1282 627 1326 ἔστω
653 1285 679 1339 ἡ
704 1282 784 1339 μὲν
803 1287 888 1327 ΒΕ
909 1285 1160 1342 περιφέρεια
1184 1286 1255 1330 ἐπὶ
1279 1294 1357 1330 τοῦ
1381 1288 1489 1351 used}

159 1347 238 1389 τὸν
262 1348 517 1402 Αἰγόκερων
541 1349 819 1403 ἡμικυκλίου,
851 1350 876 1404 ἡ
903 1350 951 1391 δὲ
976 1353 1064 1392 ΕΓ
1080 1349 1151 1393 επὶ
1175 1357 1253 1393 τοῦ
1278 1353 1383 1406 μετα
1406 1351 1488 1395 τὸν

89 1421 132 1451 20
160 1412 397 1491 Καρκινον,
428 1411 500 1454 καὶ
531 1411 724 1454 ἔστωσαν
750 1412 984 1455 ἀνατολικὰ
1008 1412 1087 1469 μὲν
1111 1416 1162 1456 τὰ
1187 1418 1230 1456 Δ
1253 1415 1381 1471 μέρη,
1407 1403 1489 1459 “v-u

157 1475 253 1516 τικὰ
284 1473 331 1517 δὲ
365 1477 417 1518 τα
449 1479 507 1530 Β,
537 1477 608 1519 καὶ
639 1476 986 1532 ἀπειλήφθωσαν
1018 1482 1106 1520 ἰσαι
1136 1479 1406 1535 περιφέρειαι
1435 1480 1488 1526 uls

160 1542 257 1589 ZH,
277 1542 390 1582 ΗΘ·
423 1540 547 1595 λέγω,
574 1542 637 1583 ὅτι
664 1541 689 1595 ἡ
713 1540 838 1583 ΖΗ’
823 1557 873 1584 εν
892 1544 1058 1584 πλείονι
1078 1545 1220 1600 χρόνῳ
1238 1542 1488 1631 ἐξαλλάττειὲ

156 1604 204 1645 τὸ
231 1606 424 1660 φανερὸν
449 1606 733 1661 ἡμισφαιριον
757 1606 864 1661 ἥπερ
891 1606 916 1660 ἡ
943 1608 1043 1647 ΗΘ.

215 1669 539 1722 γεγράφθωσαν
569 1669 837 1749 παράλληλοι
862 1671 1011 1712 κύκλοι
1038 1671 1078 1712 02
1105 1673 1206 1724 KA,
1234 1674 1352 1724 MN,
1379 1639 1487 1722 ΞΟ,Ι

87 1742 130 1772 25
156 1732 265 1773 καθ’
290 1729 353 1774 ὧν
383 1732 562 1788 φέρεται
593 1734 643 1775 τὰ
672 1737 720 1783 Ζ,
743 1737 795 1787 Η,
824 1736 861 1775 Θ
885 1740 1060 1789 σημεῖα·
1112 1738 1180 1788 ἴση
1207 1735 1289 1789 ἄρα
1315 1732 1487 1790 ἑστὶνὴ

160 1798 242 1837 ΖΗ
267 1796 520 1852 περιφέρεια
551 1804 601 1852 τῇ
629 1800 678 1839 Π
682 1800 720 1838 Ρ
748 1801 1021 1854 περιφερεία,
1051 1798 1078 1853 ἡ
1109 1796 1157 1841 δὲ
1179 1800 1271 1840 ΗΘ
1300 1805 1351 1854 τῇ
1377 1801 1474 1841 ΡΣ·

156 1859 258 1901 ἀλλ’
283 1861 309 1915 ἡ
344 1863 428 1902 ΖΗ
457 1867 507 1915 τῇ
531 1864 622 1902 ΗΘ
657 1859 776 1903 ἐστιν
812 1866 903 1916 ἰση·
940 1861 1011 1903 καὶ
1043 1862 1069 1916 ἡ
1096 1865 1187 1904 ΠΡ
1215 1862 1298 1918 ἄρα
1322 1869 1372 1918 τῇ
1398 1862 1480 1905 ΡΣ

216 2278 267 2309 11.
295 2274 343 2309 ιε’
370 2274 464 2319 Vah,
490 2274 553 2310 sed
580 2276 708 2310 atram.
734 2274 843 2309 rubro
869 2274 939 2309 del.
966 2277 1004 2310 et
1027 2286 1099 2321 mg.
1119 2286 1186 2310 scr.
1212 2274 1367 2317 ἄλλως-τ
1349 2275 1389 2311 τὸ
1415 2263 1474 2343 tet}

155 2325 210 2356 26.
236 2321 325 2355 Post
349 2322 427 2355 ΗΘ
452 2321 535 2356 add.
562 2319 777 2365 περιφέρεια
802 2323 947 2366 (comp)
972 2332 1018 2356 m.
1046 2325 1066 2356 2
1091 2321 1173 2357 Vat
