1494 2450
548 61 887 98 PHAENOMENA
1341 62 1398 103 55

45 185 50 188 ’
111 190 211 232 ergo
238 173 386 217 circuli
410 172 573 216 zodiaci
598 170 868 224 semicirculi,
900 170 1160 226 quicumque
1185 170 1400 226 principia

49 242 94 285 in
119 241 265 283 eodem
289 238 448 282 circulo
474 237 680 293 parallelo
706 236 878 291 habent,
904 237 1075 291 aequali
1100 239 1294 292 tempore
1321 236 1402 278 ori-

51 310 190 350 untur.

697 385 747 427 X.

105 473 150 516 Si
174 473 257 515 duo
284 472 431 514 circuli
456 469 619 513 zodiaci
644 468 902 512 semicirculi
922 483 1193 511 communem
1213 467 1399 524 aliquem

47 540 249 583 habentes
269 552 413 581 arcum
434 535 732 591 inaequalibus
753 535 1021 591 temporibus
1042 534 1253 589 oriuntur,
1273 534 1398 577 etiam

49 620 167 649 arcus
187 603 375 660 oppositi
394 602 692 657 inaequalibus
705 600 973 657 temporibus
987 599 1185 642 oriuntur
1198 602 1241 642 et
1255 600 1402 642 eadem

49 670 284 713 differentia
309 669 391 711 erit
417 671 671 723 temporum,
698 667 855 722 quibus
876 668 918 708 et
939 665 1194 708 semicirculi
1217 667 1260 707 et
1279 679 1403 707 arcus

49 735 234 793 oppositi
266 734 481 789 oriuntur3
514 735 557 774 et
589 733 624 774 si
658 733 740 775 duo
775 731 922 774 circuli
955 731 1119 773 zodiaci
1146 730 1403 773 semicirculi

616 811 886 840 communem
910 796 1098 852 aliquem
1118 795 1324 838 habentes
1339 810 1403 838 ar-

616 878 712 906 cum
756 863 923 918 aequali
961 864 1155 917 tempore
1194 862 1405 916 oriuntur,

616 929 745 971 etiam
767 943 888 971 arcus
910 927 1102 984 oppositi
1116 928 1281 983 aequali
1299 930 1403 970 tem-

616 1009 720 1050 pore
747 994 955 1036 oriuntur.

675 1059 734 1102 sit
771 1059 816 1101 in
850 1058 1010 1100 mundo
1044 1057 1224 1101 horizon
1257 1060 1403 1112 ΑΒΓ,

614 1125 812 1168 zodiacus
844 1126 985 1167 autem
1018 1123 1202 1166 circulus
1227 1123 1405 1179 positio-

613 1206 712 1234 nem
729 1190 885 1233 habeat
898 1191 1079 1243 AEFA,
1099 1192 1142 1231 et
1156 1189 1405 1232 auferantur

615 1257 815 1311 aequales
854 1269 976 1298 arcus
1016 1258 1125 1310 ΑΔ,
1166 1257 1249 1297 ΓΕ
1284 1256 1404 1297 iuxta

616 1322 872 1364 diametrum
904 1320 1039 1377 igitur
1065 1321 1313 1376 oppositum
1340 1322 1406 1362 est

616 1389 825 1443 punctum
844 1389 888 1429 Δ
909 1388 1070 1441 puncto
1092 1389 1141 1428 E.
1174 1385 1259 1427 iam
1282 1386 1404 1428 semi-

53 1452 199 1494 circuli
224 1454 370 1506 ΑΔΓ,
396 1456 439 1494 Δ
449 1455 534 1495 ΓΕ
562 1452 860 1508 inaequalibus
893 1450 1158 1507 temporibus
1191 1451 1406 1507 oriuntur;

53 1516 159 1573 dico,
184 1518 312 1560 etiam
338 1532 461 1560 arcus
487 1519 711 1573 oppositos
738 1521 843 1572 AA,
870 1519 954 1559 ΓΕ
978 1516 1275 1572 inaequalibus
1303 1519 1407 1558 tem-

57 1663 186 1702 ΘΜΗ
206 1666 413 1714 percurrit,
445 1677 490 1703 eo
517 1667 549 1703 Z
574 1665 688 1703 iuxta
714 1664 952 1703 diametrum
978 1665 1016 1702 ei
1040 1664 1270 1714 oppositum
1296 1677 1404 1702 exor-

55 1735 140 1762 sum
165 1737 189 1762 a
208 1725 245 1762 Κ
270 1737 406 1763 arcum
424 1725 548 1763 KNA
573 1724 770 1775 percurrit
790 1725 830 1762 et
849 1724 1119 1762 semicirculus
1144 1725 1244 1762 ΕΒΖ
1266 1724 1406 1773 oritur,

55 1784 211 1832 aequali
235 1785 412 1833 tempore
438 1784 676 1823 semicirculi
702 1784 858 1833 MAN,
885 1784 1001 1821 EBZ
1028 1783 1221 1822 oriuntur.

58 1876 111 1907 11.
137 1873 177 1908 ἐν
203 1872 296 1913 ἴσοις
320 1872 468 1919 χρόνοις
492 1873 589 1916 Vat„
615 1874 659 1908 ut
682 1872 746 1908 lin
770 1875 824 1907 12.
881 1871 1028 1919 ἔχοντα]
1055 1885 1119 1907 -τοι
1144 1853 1242 1907 corr?
1262 1852 1406 1907 exrvmv

55 1931 102 1954 m.
132 1924 152 1955 2
177 1920 212 1956 V
286 1925 339 1956 14.
366 1919 520 1969 ζῳδίων]
548 1932 640 1956 corr.
661 1932 706 1956 ex
730 1921 925 1968 ζῳδιακῶν
949 1932 998 1954 m.
1021 1923 1037 1954 1
1060 1919 1103 1955 V.
1168 1923 1222 1954 17.
1250 1918 1405 1965 ἀνίσοις]

55 1967 120 2003 ἀν-
145 1968 229 2003 add.
256 1971 368 2013 supra
386 1981 434 2003 m.
456 1973 475 2003 2
496 1968 540 2012 V,
566 1971 610 2003 ut
633 1980 669 2013 p.
691 1971 736 2003 56
756 1957 827 2002 lin.
848 1971 870 2002 4
897 1968 935 2002 et
961 1971 979 2002 7
1007 1965 1159 2015 (ἀνίσῳ).

611 2147 789 2183 Recensio
815 2147 852 2183 b.

116 2211 168 2250 sit
192 2212 362 2251 circulus
387 2212 549 2251 horizon
575 2214 724 2251 ΑΒΔΓ
744 2215 784 2251 et
810 2213 986 2251 aestivus
1011 2212 1189 2262 tropicus
1216 2213 1298 2259 ΑΓ,
1325 2212 1407 2249 hie-

57 2271 172 2309 malis
205 2272 337 2310 autem
367 2273 438 2310 BA
470 2273 509 2309 et
541 2271 725 2311 zodiacus
757 2273 846 2320 ΓΒ,
884 2273 924 2310 et
956 2272 1187 2310 auferantur
1219 2271 1406 2320 aequales

59 2342 172 2369 arcus
201 2332 282 2381 ΙΕ,
306 2332 384 2369 ΒΖ.
426 2331 564 2380 itaque
591 2331 830 2370 semicirculi
858 2332 974 2381 ΓΕΒ,
1000 2332 1105 2369 ΕΒΖ
1129 2329 1406 2379 inaequalibus
