1494 2450
594 49 900 86 FRAGMENTA
1342 51 1427 93 269

32 203 33 207 ,
131 158 210 216 λβῖ
248 160 476 216 Τρίγωνον
500 160 549 202 τὸ
569 161 698 202 ΑΒΓ
718 163 819 214 ἴσην
837 156 943 215 ἔχον
961 159 1043 214 τὴν
1061 161 1143 201 ΑΒ
1164 164 1214 215 τῇ
1234 161 1330 213 ΑΓ,
1355 159 1428 201 καὶ

30 223 355 281 Ῐέκβεβλήσθω
381 226 407 281 ἡ
434 228 522 268 ΑΒ
547 223 618 268 ἐπὶ
643 225 692 268 τὸ
719 228 783 280 Δ,
814 223 886 267 καὶ
913 223 998 266 ἀπὸ
1025 230 1106 266 τοῦ
1131 228 1176 266 A
1201 225 1374 280 διήχθω
1402 225 1427 280 ἡ

29 261 32 320 Ῐ
71 295 158 334 ΔΕ
179 296 371 334 ποιοῦσα
394 290 495 334 ἴσον
519 291 569 333 τὸ
590 293 716 333 ΒΔΕ
737 291 958 345 τρίγωνον
982 296 1041 347 τῷ
1058 292 1188 332 ΑΒΓ
1205 290 1428 348 τριγώνῳ·

28 351 30 416 J
70 357 158 412 ὅτι,
190 357 268 399 ἐὰν
293 357 395 413 δίχα
418 361 565 412 τμηθῇ
590 358 669 412 μία
693 362 783 398 τῶν
815 360 925 398 ἴσων
949 358 1155 411 πλευρῶν
1179 356 1206 411 ἡ
1231 357 1343 410 πρὸς
1367 361 1428 413 τῷ

26 426 28 473 J
70 423 151 480 ἴσῳ
178 423 378 480 τριγώνῳ
405 428 456 478 τῇ
477 424 569 475 ΒΖ,
594 437 777 476 γινεται,
804 421 864 471 ὡς
889 422 1226 477 συναμφότερος
1250 420 1277 475 ἡ
1307 423 1435 463 ZBH
1478 423 1494 453 ὅ

25 516 27 518 -
53 488 180 544 Γπρὸς
209 489 292 542 τὴν
320 490 426 542 ΖΗ,
459 487 599 537 οὕτως
629 488 678 530 τὸ
713 486 797 530 ἀπὸ
823 489 914 529 AZ
938 487 1218 542 τετράγωνον
1241 485 1355 542 πρὸς
1379 488 1428 529 τὸ

68 553 156 596 ἀπὸ
187 556 270 595 ΖΘ
294 552 583 610 τετράγωνον.

129 619 254 675 ἤχθω
286 620 361 661 διὰ
390 625 470 661 τοῦ
497 621 534 660 Β
566 625 618 675 τῇ
643 622 736 661 ΔΕ
763 618 1043 674 παράλληλος
1067 618 1093 672 ἡ
1120 619 1228 672 ΒΚ,
1262 616 1336 660 καὶ
1363 616 1430 660 ε’κ-

70 686 304 740 βεβλήσθω
331 684 357 739 ἡ
378 686 465 726 ΛΓ
486 682 555 727 ἐπὶ
581 682 630 726 τὸ
652 686 717 726 Κ·
750 684 817 726 ὅτι
845 684 930 739 ἄρα
956 682 1090 737 ἐστίν,
1118 683 1175 733 ὡς
1199 684 1429 737 συναμφό-

69 765 194 806 τερος
219 750 245 805 ἡ
268 752 361 805 ΖΚ,
381 752 467 792 ΚΘ
484 748 594 806 πρὸς
614 750 695 805 τὴν
718 752 808 804 ΖΘ,
834 747 1062 792 τουτέστιν
1080 747 1130 791 τὸ
1151 748 1238 791 ὑπὸ
1260 761 1425 804 συναμ-
1454 755 1494 788 10

364 1045 1135 1416 sp

71 1484 263 1539 φοτέρου
295 1491 371 1540 τῆς
405 1488 510 1540 ΖΚ,
538 1488 630 1528 ΚΘ
659 1485 733 1528 καὶ
763 1493 841 1541 τῆς
869 1489 953 1529 ΖΘ
983 1486 1095 1542 πρὸς
1126 1487 1175 1530 τὸ
1210 1485 1295 1529 ἀπὸ
1327 1489 1430 1539 ΖΘ,

0 1559 11 1607 g
72 1549 211 1600 οὕτως
235 1549 285 1593 τὸ
312 1549 397 1593 ἀπὸ
424 1554 513 1594 ΑΖ
538 1552 816 1606 τετράγωνον
841 1550 952 1607 πρὸς
976 1551 1026 1595 τὸ
1056 1551 1141 1595 ἀπὸ
1171 1555 1258 1595 ΖΘ
1281 1554 1431 1608 τετρά-

71 1631 229 1669 γωνον.
266 1614 316 1658 τὸ
346 1616 401 1671 δὴ
426 1616 513 1659 ὑπὸ
541 1616 882 1673 συναμφοτέρου
907 1624 984 1672 τῆς
1006 1619 1130 1660 ΖΚΘ
1148 1619 1222 1660 καὶ
1241 1624 1318 1673 τῆς
1339 1621 1430 1674 ΖΘ,

70 1680 299 1723 τουτέστιν
330 1681 357 1736 ἡ
388 1689 479 1724 τῶν
511 1680 594 1724 ἀπὸ
623 1685 728 1737 ΖΚ,
754 1684 845 1724 ΚΘ
875 1682 1090 1739 ὑπεροχή,
1124 1687 1196 1738 ἴση
1229 1682 1351 1726 ἐστὶν
1375 1691 1436 1742 τῷ

2 1754 10 1801 g
71 1744 156 1788 ἀπὸ
184 1749 292 1788 ΛΖ·
337 1747 364 1801 ἡ
397 1748 485 1803 ἄρα
514 1754 604 1789 τῶν
636 1746 719 1790 ἀπὸ
754 1750 861 1801 ΚΖ,
890 1750 970 1790 ΖΑ
1000 1748 1197 1804 ὑπεροχή
1228 1748 1350 1791 ἐστιν
1380 1748 1430 1792 τὸ
1459 1763 1494 1795 15

4 1803 10 1830 ²
72 1810 156 1853 ἀπὸ
184 1813 229 1853 Κ
236 1814 283 1853 Θ.
335 1811 445 1854 ἀλλὰ
476 1813 503 1867 ἡ
534 1819 624 1854 τῶν
656 1810 740 1855 ἀπὸ
767 1814 875 1867 ΚΖ,
903 1816 983 1855 ΖΑ
1013 1814 1210 1869 ὑπεροχή
1235 1813 1356 1857 ἐστιν
1380 1830 1429 1857 το

12 1894 13 1898 ’
71 1875 157 1918 ὑπὸ
188 1878 341 1919 ΓΚΑ·
386 1877 452 1919 ὅτι
487 1879 572 1933 ἄρα
605 1877 654 1920 τὸ
688 1877 776 1920 ὑπὸ
810 1881 939 1920 ΓΚΑ
975 1883 1076 1921 ἴσον
1107 1878 1228 1922 ἐστὶν
1259 1885 1319 1937 τῷ
1347 1879 1430 1922 ἀπὸ

76 1943 179 1984 ΘΚ·
214 1941 281 1984 ὅτι
305 1942 391 1998 ἄρα
418 1942 557 1996 ἐστίν,
584 1943 642 1993 ὡς
667 1944 694 1998 ἡ
722 1945 801 1985 ΓΚ
826 1943 935 1999 πρὸς
960 1945 1041 1999 τὴν
1067 1946 1175 1999 ΚΘ,
1202 1944 1432 1988 τουτέστιν

72 2004 176 2063 ὡςζὴ
199 2008 273 2048 ΓΒ
292 2006 402 2062 πρὸς
420 2008 501 2062 τὴν
520 2009 610 2063 ΒΕ,
636 2008 777 2059 οὕτως
795 2009 821 2064 ἡ
842 2011 926 2051 ΚΘ
949 2009 1060 2066 πρὸς
1079 2010 1161 2064 τὴν
1181 2012 1280 2065 ΚΑ,
1306 2027 1432 2053 τουτ-

73 2071 195 2114 ἐστιν
225 2072 251 2126 ἡ
277 2075 360 2115 ΔΒ
393 2072 502 2128 πρὸς
533 2074 615 2128 τὴν
639 2076 734 2116 ΒΑ.
783 2072 907 2117 ἔστιν
939 2074 1010 2117 δέ·
1042 2074 1321 2131 παράλληλος
1346 2076 1429 2131 γάρ
1457 2090 1494 2121 2(

72 2136 194 2179 ἐστιν
217 2137 245 2192 ἡ
265 2140 352 2180 ΑΕ
374 2145 426 2193 τῇ
444 2141 542 2193 ΔΓ,
569 2140 717 2194 ἐπειδὴ
743 2139 790 2182 τὸ
811 2143 934 2182 ΔΒΕ
950 2143 1171 2195 τρίγωνον
1190 2141 1291 2184 ἴσον
1311 2141 1432 2184 ἐστὶν

133 2235 165 2265 5.
195 2232 328 2277 ZBH]
352 2243 400 2267 m.
422 2236 442 2266 2
469 2232 561 2276 cod.,
589 2235 704 2267 BZH
727 2245 774 2269 m.
797 2237 834 2276 1;
865 2236 928 2268 ZB
949 2236 1027 2269 ΒΗ
1050 2234 1207 2269 Hultsch
1228 2246 1313 2270 cum
1333 2235 1430 2270 aliis.

123 2281 177 2313 13.
205 2277 267 2325 δὴ]
299 2282 333 2313 Δ
341 2281 374 2314 Ε
399 2279 497 2323 cod„
529 2279 604 2324 ἄρα
627 2280 787 2316 ΗυΙίῑεοὶι
813 2292 896 2316 cum
922 2281 1203 2317 Commandino.
1305 2284 1429 2328 ΖΚΘ]

77 2327 149 2360 ΖΚ
171 2326 248 2361 ΚΘ
273 2326 432 2361 Hulbsch
459 2338 543 2362 eum
569 2327 850 2364 Commandino.
