1494 2450
564 72 903 108 PHAENOMENA
1362 69 1384 110 7
1393 68 1412 109 1

63 183 296 226 maximum
339 181 598 226 circulorum
642 182 944 237 parallelorum
959 215 970 236 ,
1013 181 1257 235 inaequales
1294 194 1417 222 arcus

63 248 237 291 maximi
281 248 538 292 circulorum
581 249 884 302 parallelorum
928 247 1041 288 inter
1084 261 1129 288 se
1167 245 1418 288 abscindent

63 313 289 370 [Theodos.
304 312 381 368 III,
396 313 453 368 8].
485 314 631 368 itaque
657 327 780 356 arcus
805 316 889 355 ΒΦ
914 311 1053 355 maior
1078 314 1143 354 est
1167 325 1295 366 quam
1319 313 1416 365 ΦΧ,

68 381 159 421 ΦΧ
177 381 319 421 autem
348 394 476 434 quam
497 381 604 430 XH;
630 378 791 421 maiore
822 379 957 436 igitur
981 381 1174 433 tempore
1203 380 1244 418 Φ
1269 391 1415 419 arcum

68 447 151 487 ΦΒ
189 446 399 499 percurrit
436 459 565 500 quam
602 448 646 487 X
680 459 825 487 arcum
868 448 960 487 ΦΧ
990 443 1219 499 percurrit,
1255 443 1416 484 maiore

64 512 204 553 autem
224 513 418 566 tempore
439 514 483 552 X
498 525 642 552 arcum
666 513 754 552 ΦΧ
768 525 895 566 quam
913 512 964 552 H
977 524 1122 552 arcum
1144 511 1241 551 HX.
1266 523 1415 550 verum

63 590 147 630 quo
173 578 365 630 tempore
389 578 429 618 Φ
455 591 601 619 arcum
628 577 707 618 ΦΒ
732 576 953 631 percurrit,
983 579 1063 618 ΘΑ
1090 575 1249 618 occidit
1269 577 1311 616 et
1330 588 1415 628 quo

63 645 107 683 X
127 655 270 684 arcum
298 644 388 683 ΧΦ
418 641 647 697 percurrit,
689 644 780 684 ΘΚ
802 641 976 696 occidit,
1014 643 1057 683 et
1082 655 1167 695 quo
1195 642 1243 682 H
1271 653 1415 681 arcum

63 709 159 749 HX
184 707 412 762 percurrit,
446 709 544 749 HK
573 706 741 750 occidit.
792 721 893 763 ergo
920 710 1013 749 ΑΘ
1037 707 1198 748 maiore
1222 708 1417 760 tempore

62 772 218 815 occidit
243 787 371 827 quam
398 775 500 827 ΚΘ,
530 775 619 815 ΘΚ
643 775 783 814 autem
811 773 973 815 maiore
999 787 1127 828 quam
1154 774 1197 814 K
1205 774 1258 813 Η.

120 837 202 880 iam
222 838 330 894 dico,
356 838 484 880 etiam
505 853 577 880 eos
598 852 731 893 arcus,
758 838 832 894 qui
852 838 903 881 ab
926 837 1229 893 aequinoctiali
1249 836 1415 891 aequali

61 903 284 947 intervallo
317 904 495 959 distent,
526 904 694 958 aequali
725 907 916 959 tempore
949 903 1152 947 occidere.
1201 917 1300 944 nam
1329 917 1416 944 mo—

61 1049 200 1088 similis
227 1053 286 1090 est
311 1052 421 1090 arcui
445 1048 520 1103 εΞ,
545 1064 684 1089 verum
705 1053 774 1089 ΡΛ
800 1050 940 1089 similis
965 1052 1025 1089 est
1044 1051 1154 1089 arcui
1174 1052 1220 1088 H
1222 1050 1248 1101 β
1269 1045 1414 1103 (Theo-

62 1109 143 1148 dos.
156 1109 207 1158 II,
224 1105 310 1163 13),
336 1111 457 1149 etiam
483 1112 530 1148 H
532 1111 557 1162 β
584 1111 691 1149 arcui
717 1107 779 1152 εΞ
799 1110 939 1149 similis
967 1112 1036 1149 est.
1070 1112 1110 1149 et
1129 1112 1221 1148 sunt
1241 1109 1414 1148 eiusdem

61 1168 207 1207 circuli.
253 1170 387 1220 itaque
414 1170 488 1222 Ηβ
519 1170 696 1220 aequalis
729 1172 788 1208 est
819 1172 930 1209 arcui
955 1168 1019 1212 εΞ.
1064 1170 1282 1209 communis
1308 1169 1414 1208 aufe-

61 1230 174 1267 ratur
197 1229 257 1280 εβ.
307 1230 445 1280 itaque
476 1230 652 1280 reliquus
685 1243 799 1269 arcus
832 1231 897 1269 Ηε
929 1230 1086 1280 reliquo
1119 1230 1231 1268 arcui
1256 1230 1281 1281 β
1290 1227 1325 1271 Ξ
1351 1241 1414 1267 ae-

62 1288 190 1337 qualis
216 1291 286 1327 est.
319 1290 358 1328 et
383 1289 570 1339 quoniam
594 1293 659 1334 ςΛ
680 1291 807 1329 maior
826 1291 886 1328 est
905 1303 1024 1339 quam
1044 1289 1186 1328 similis
1206 1289 1316 1328 arcui
1335 1285 1416 1340 βΞ,

39 1382 41 1385 ,
63 1360 198 1386 verum
226 1351 291 1392 ςΛ
317 1349 494 1399 aequalis
523 1343 631 1388 arcui
653 1351 710 1401 Py
736 1351 776 1387 et
801 1350 826 1401 β
834 1346 871 1391 Ξ
890 1351 998 1387 arcui
1020 1351 1067 1387 Η
1069 1364 1110 1400 ε,
1128 1351 1184 1401 Ργ
1209 1349 1338 1387 maior
1357 1350 1416 1387 est

63 1419 180 1456 quam
206 1407 346 1447 similis
372 1409 481 1447 arcui
507 1410 585 1448 Ηε.
619 1411 757 1459 itaque
782 1424 816 1461 y,
842 1411 1057 1459 postquam
1083 1422 1219 1448 areum
1245 1410 1310 1461 yP
1328 1422 1415 1458 per-

63 1468 203 1515 currit,
234 1469 382 1506 maiore
414 1470 590 1519 tempore
623 1469 672 1507 ad
700 1470 733 1506 P
757 1469 955 1518 pervenit,
989 1482 1109 1519 quam
1136 1483 1170 1517 ε,
1201 1470 1415 1519 postquam

64 1538 196 1564 arcum
222 1529 294 1566 εΗ
314 1529 521 1577 percurrit,
549 1529 598 1566 ad
624 1529 671 1566 H
690 1530 881 1579 pervenit.
914 1542 1052 1567 verum
1078 1542 1155 1578 quo
1182 1530 1361 1579 tempore
1380 1544 1415 1581 y,

62 1587 275 1635 postquam
301 1599 438 1626 arcum
463 1589 528 1639 γΡ
548 1588 760 1638 percurrit,
788 1587 837 1626 ad
866 1590 898 1626 P
918 1590 1116 1638 pervenit,
1142 1589 1231 1638 ΓΟ,
1255 1589 1331 1627 hoc
1357 1590 1418 1627 est

63 1657 177 1684 arcus
202 1648 282 1684 KA
307 1646 461 1685 occidit.
512 1660 590 1697 quo
616 1649 748 1686 autem
774 1649 951 1698 tempore
978 1662 1012 1697 ε,
1045 1649 1255 1698 postquam
1281 1660 1416 1686 arcum

63 1705 135 1742 εΗ
152 1706 359 1755 percurrit,
387 1706 436 1744 ad
457 1708 503 1744 H
523 1708 717 1756 pervenit,
742 1709 814 1752 εΡ,
839 1707 913 1746 hoc
939 1708 998 1745 est
1023 1719 1136 1746 arcus
1156 1705 1242 1748 ΛΞ
1261 1707 1415 1746 occidit.

62 1763 199 1814 itaque
225 1767 305 1804 KA
329 1767 479 1804 maiore
504 1768 683 1817 tempore
710 1767 855 1805 occidit
881 1780 1000 1816 quam
1022 1764 1102 1808 ΛΞ.
1147 1779 1295 1816 rursus,
1322 1780 1415 1817 quo-

62 1823 168 1862 niam
196 1826 288 1863 TM
308 1825 435 1864 maior
461 1827 521 1864 est
546 1839 664 1875 quam
692 1827 833 1865 similis
860 1828 969 1865 arcui
994 1824 1080 1867 ΗΞ
1085 1856 1094 1872 ,
1122 1828 1174 1866 sit
1200 1828 1312 1865 arcui
1337 1825 1423 1870 ΗΞ

62 1881 204 1921 similis
229 1886 284 1922 Μ
288 1885 317 1931 ζ.
350 1886 489 1935 itaque
516 1898 594 1935 quo
619 1888 798 1935 tempore
823 1882 860 1927 Ξ
880 1898 1061 1925 exorsum
1086 1900 1110 1925 a
1135 1884 1177 1936 Ξ,
1203 1888 1417 1936 postquam

29 1970 37 1977 .
63 1954 196 1981 arcum
216 1940 304 1985 ΞΗ
320 1945 529 1994 percurrit,
555 1945 605 1983 ad
625 1947 671 1983 H
691 1945 883 1996 pervenit,
909 1958 955 1984 eo
975 1947 1097 1984 etiam
1116 1948 1177 1996 M,
1203 1947 1416 1997 postquam

63 2013 196 2040 arcum
227 2004 283 2041 Μ
287 2005 307 2050 ζ
341 2004 555 2054 percurrit,
593 2004 643 2043 ad
675 2005 696 2051 ζ
724 2006 929 2054 perveniet
961 2007 1001 2044 et
1032 2005 1201 2045 circulus
1233 2007 1416 2046 zodiacus

63 2062 301 2110 positionem
326 2063 489 2102 habebit
514 2064 626 2103 velut
651 2064 768 2110 ζΗθ.
802 2066 841 2102 et
866 2065 1053 2115 quoniam
1079 2067 1120 2104 in
1147 2066 1316 2116 sphaera
1342 2067 1415 2105 cir-

65 2120 143 2159 culi
166 2122 351 2171 paralleli
378 2125 470 2174 ΤΡ,
492 2125 567 2161 ΡΣ
588 2125 752 2162 maximi
778 2124 946 2163 alicuius
972 2125 1110 2164 circuli
1135 2127 1205 2164 BA
1231 2127 1415 2175 aequales

65 2191 176 2218 arcus
207 2178 303 2232 ΛΞ,
335 2179 431 2224 ΞΜ
459 2183 508 2220 ad
539 2182 755 2221 maximum
786 2184 1070 2233 parallelorum
1101 2186 1187 2224 ΗΘ
1218 2186 1416 2235 auferunt,

123 2310 160 2345 l).
199 2314 253 2346 10.
286 2311 374 2347 Post
396 2312 617 2358 περιφέρεια
642 2314 732 2360 (alt.)
757 2314 904 2350 lineolis
932 2315 1002 2352 del.
1031 2317 1136 2353 δύνει
1161 2329 1209 2352 m.
1238 2321 1255 2351 1
1284 2318 1366 2353 Vat.

67 2360 120 2395 11.
147 2360 225 2408 εΗ]
251 2371 324 2406 mg.
352 2360 437 2396 add.
462 2359 707 2409 περιφέρειαν
732 2364 878 2410 (comp.)
904 2376 950 2399 m.
980 2369 1000 2399 2
1027 2365 1111 2404 Vat,
