1494 2450
515 49 578 84 PH
582 48 851 85 AENOMENA
1309 51 1361 92 61

16 166 59 204 Ε
86 161 246 204 oriente
277 161 322 202 in
357 163 394 202 Θ
423 162 632 216 punctum
658 163 722 214 A,
755 159 869 214 quod
895 159 1016 201 iuxta
1043 159 1298 201 diametrum
1326 160 1364 201 ei

17 227 256 282 oppositum
291 228 374 281 est,
410 225 456 268 in
487 227 529 267 A
561 224 728 267 occidit.
779 224 924 280 itaque
962 239 1047 280 quo
1086 227 1279 280 tempore
1312 229 1364 276 E,

15 294 240 348 postquam
267 305 410 333 arcum
431 294 513 333 ΕΘ
537 291 760 346 percurrit,
785 290 838 332 ad
862 293 900 333 Θ
922 291 1132 346 pervenit,
1158 305 1207 332 eo
1234 291 1363 332 etiam

18 362 73 413 A,
90 360 313 413 postquam
334 371 479 400 arcum
501 359 587 399 AA
605 357 828 412 percurrit,
847 355 900 397 ad
920 358 961 398 A
981 355 1187 411 pervenit.
1217 370 1363 398 verum

0 422 100 479 {quo
125 426 314 479 tempore
332 426 375 465 A
400 437 546 466 arcum
566 423 652 464 AA
677 421 901 478 percurrit,
926 425 1014 463 AA
1040 421 1188 476 oritur,
1214 423 1257 462 et
1280 435 1363 476 quo

0 539 134 596 ?venit,
159 559 203 586 eo
229 547 351 586 etiam
377 549 409 585 Z
436 560 459 585 a
485 549 518 585 Z
545 559 737 596 exorsum,
772 548 987 596 postquam
1012 557 1146 584 arcum
1174 546 1252 583 ZK
1277 558 1362 594 per-

18 608 148 656 currit,
173 606 224 646 ad
246 609 285 646 K
309 606 500 657 pervenit.
533 619 670 645 verum
698 619 788 645 cum
814 608 863 654 E,
888 606 1102 655 postquam
1128 617 1260 643 arcum
1289 605 1364 643 ΕΘ

17 666 217 717 percurrit,
247 666 297 705 ad
326 667 360 706 Θ
391 668 583 717 pervenit,
617 678 730 705 arcus
758 667 840 704 ΕΓ
867 666 1005 713 oritur,
1038 677 1127 703 cum
1161 666 1294 702 autem
1320 666 1364 713 Z,

3 725 5 732 ’
966 726 1179 774 postquam
1227 737 1363 762 arcum

966 786 1045 822 ZK
1070 784 1278 834 percurrit,
1315 784 1363 822 ad

967 846 1004 881 K
1026 845 1225 893 pervenit,
1252 856 1364 882 arcus

966 905 1038 942 BZ
1069 903 1222 943 occidit.
1269 916 1363 955 ergo

968 975 1045 1013 quo
1059 965 1236 1013 tempore
1249 975 1363 1002 arcus

965 1024 1042 1060 ΓΕ
1104 1024 1255 1073 oritur,
1318 1036 1363 1062 eo

966 1083 1087 1121 etiam
1134 1078 1246 1122 arcus
1291 1084 1363 1121 BZ

966 1142 1122 1181 occidit.

1028 1201 1128 1251 dico,
1148 1202 1270 1241 etiam
1285 1215 1363 1253 quo

965 1264 1143 1312 tempore
1169 1263 1236 1300 BZ
1262 1263 1362 1301 oria-

965 1323 1042 1372 tur,
1064 1334 1199 1360 arcum
1213 1323 1285 1360 ΓΕ
1301 1335 1363 1361 oc-

966 1381 1102 1420 cidere.
1154 1395 1245 1420 nam
1280 1395 1363 1421 mo-

967 1443 1108 1480 veatur
1150 1442 1192 1480 in
1236 1442 1362 1481 altero

966 1513 1061 1539 casu
1095 1501 1267 1540 circulus
1301 1515 1361 1540 zo-

1054 1561 1191 1600 diacus
1228 1563 1267 1600 et

961 1621 1200 1671 positionem
1215 1621 1364 1659 habeat

962 1682 1125 1720 ΓΕΒΖ.

72 1736 255 1785 quoniam
281 1739 475 1787 punctum
501 1740 533 1776 Z
559 1741 708 1788 puncto
736 1741 772 1777 E
800 1739 912 1777 iuxta
938 1739 1176 1778 diametrum
1203 1741 1360 1791 opposi-

16 1794 98 1832 tum
122 1797 191 1845 est,
215 1799 363 1846 puncto
388 1799 421 1835 Z
447 1798 597 1836 oriente
618 1800 655 1836 Ε
681 1798 828 1837 occidit
853 1795 983 1851 [prop.
997 1796 1087 1851 VI}
1119 1801 1256 1850 itaque
1283 1813 1361 1850 quo

16 1853 187 1904 tempore
211 1857 256 1904 Z,
281 1858 498 1908 postquam
525 1870 657 1896 arcum
684 1860 760 1896 ZA
785 1861 990 1909 percurrit,
1025 1859 1075 1898 ad
1101 1862 1142 1898 A
1167 1860 1361 1910 pervenit,

17 1921 60 1952 oo
79 1914 198 1953 etiam
217 1917 266 1965 E,
290 1918 504 1966 postquam
524 1929 659 1956 arcum
682 1918 767 1956 EN
780 1920 988 1968 percurrit,
1016 1919 1065 1958 ad
1087 1920 1133 1957 N
1147 1920 1362 1969 perveniet.

15 1982 164 2023 vorum,
197 1987 285 2013 cum
310 1978 361 2026 Z,
392 1977 603 2026 postquam
631 1990 765 2016 arcum
791 1980 867 2030 ZA
892 1979 1106 2029 percurrit,
1133 1979 1183 2017 ad
1210 1982 1250 2017 A
1276 1993 1363 2030 per-

15 2059 100 2097 Post
123 2067 186 2099 ΔΛ
219 2065 258 2099 in
283 2065 317 2100 V
342 2070 361 2101 ὅ
395 2066 467 2102 litt.
494 2078 597 2103 evan.
624 2069 782 2113 ruptura
807 2068 978 2114 bombyc.
1077 2069 1198 2105 διελθ’
1223 2069 1296 2116 ἐπί]
1324 2070 1363 2104 in

14 2118 82 2145 ras.
102 2110 144 2148 V.
194 2116 226 2148 4.
251 2112 293 2149 τὸ
313 2118 344 2148 Λ
363 2113 624 2161 παραγίνεται]
646 2127 757 2161 supra
775 2128 822 2151 m.
839 2121 859 2151 2
873 2116 916 2152 V.
956 2118 1034 2162 AA]
1057 2128 1144 2153 corr.
1165 2129 1210 2153 ex
1228 2119 1299 2152 ΛΘ
1318 2117 1362 2153 V.

17 2159 47 2192 5.
72 2160 152 2205 ΔΑ]
178 2161 271 2196 mut.
296 2160 335 2196 in
362 2164 433 2197 ΓΕ
457 2174 505 2198 m.
535 2167 552 2198 1
568 2164 611 2209 (?)
638 2163 682 2199 V.
733 2165 821 2209 ΕΘ]
842 2165 951 2199 ΕΛΘ
977 2166 1025 2210 (Θ
1050 2176 1163 2210 supra
1187 2178 1235 2200 m.
1257 2167 1292 2210 2)
1318 2165 1362 2200 V.

71 2228 107 2266 b.
143 2234 198 2267 19.
230 2232 292 2279 βα]
319 2243 411 2269 eras,
437 2235 476 2269 et
500 2245 566 2269 scr.
593 2233 750 2280 δευτέρα
773 2247 821 2271 m.
849 2239 869 2270 2
892 2235 977 2272 Vat.
1028 2240 1083 2272 21.
1110 2236 1199 2272 Post
1229 2239 1257 2271 Z
1280 2238 1365 2297 (μη),

259 2268 268 2282 1

17 2275 99 2313 add.
123 2282 157 2314 Α
182 2290 232 2315 m.
257 2283 278 2314 2
304 2279 387 2316 Vat.
449 2280 539 2327 λέγω
567 2304 611 2308 ——
639 2286 694 2318 22.
721 2272 838 2329 δύνει]
866 2283 982 2320 deleo.
1081 2288 1138 2320 23.
1171 2284 1259 2319 Post
1284 2285 1364 2320 ἐπει

17 2323 99 2360 add.
125 2325 194 2372 γάρ
220 2338 267 2363 m.
295 2331 314 2362 2
341 2327 425 2364 Vat.
