1494 2450
532 59 872 97 PRAENOMEN».
1326 59 1382 101 29

27 172 106 223 ΞΛ
129 172 281 216 similis
307 174 382 214 est.
433 170 602 226 aequali
634 171 768 227 igitur
795 173 988 225 tempore
1013 171 1223 224 punctum
1252 172 1286 211 Z
1312 183 1380 211 ar-

29 253 120 282 cum
146 241 224 281 ΖΘ
247 237 458 293 percurrit
477 240 519 280 et
538 239 745 292 punctum
767 235 805 284 Ξ
828 250 972 278 arcum
994 235 1084 284 ΞΛ.
1117 235 1263 290 itaque
1282 249 1378 277 cum

26 307 232 360 punctum
257 303 299 346 Z
319 303 372 345 ad
397 305 607 359 punctum
637 305 674 344 Θ
698 301 906 357 pervenit,
932 302 1060 343 etiam
1086 300 1125 349 Ξ
1148 301 1201 343 ad
1222 303 1262 342 A
1288 315 1381 356 per-

27 370 177 414 veniet.
209 384 338 424 quare
357 371 518 424 puncta
540 367 616 416 ΖΞ
633 367 763 410 simul
782 366 994 409 occidunt.
1026 382 1174 409 verum
1196 369 1247 408 H
1260 366 1380 422 prius

0 435 1 489 ἶ
29 435 182 479 occidit
207 450 333 490 quam
361 433 408 483 Ξ.
440 449 542 491 ergo
570 436 621 476 H
640 433 770 476 etiam
798 433 916 488 prius
943 433 1100 475 occidit
1127 447 1256 487 quam
1285 436 1331 475 Z.

85 500 283 543 similiter
320 499 730 555 demonstrabimus,
775 501 982 554 punctum
1022 498 1144 553 prius
1184 498 1380 540 occidens

28 566 154 611 etiam
179 566 298 621 prius
326 565 439 608 oriri.

674 684 725 727 V.

86 774 383 830 Quaecumque
404 777 551 817 stellae
571 774 616 816 in
636 773 803 816 ambitu
820 773 969 815 circuli
982 772 1159 815 maximi
1175 775 1286 828 sunt,
1307 772 1379 828 qui

26 841 256 884 maximum
284 841 552 895 circulorum,
579 840 653 896 qui
679 854 847 895 semper
872 839 1092 894 conspicui
1113 842 1226 894 sunt,
1252 841 1380 894 secat,

27 921 182 961 earum,
201 920 309 962 quae
330 907 382 948 ad
402 907 716 962 septentriones
736 907 851 961 sunt,
869 904 989 960 prius
1010 905 1220 961 oriuntur,
1239 908 1380 960 poste-

26 972 114 1014 rius
138 974 281 1014 autem
309 972 522 1016 occidunt.

85 1037 141 1080 sit
171 1039 215 1079 in
247 1039 405 1080 mundo
431 1038 609 1081 horizon
636 1039 777 1079 ΑΒΓ
802 1038 844 1078 et
870 1037 1083 1079 maximus
1109 1035 1379 1093 circulorum,

1021 1102 1095 1157 qui
1108 1116 1274 1156 semper
1282 1116 1379 1144 con—

477 1159 506 1190 A
560 1173 593 1205 Γ
782 1188 785 1190 ·
1062 1167 1199 1223 spicui
1227 1171 1338 1222 sunt,

1020 1237 1159 1288 ΑΔΕ,
1179 1233 1287 1276 alius
1307 1249 1378 1275 au-

1049 1301 1135 1341 tem
1163 1299 1348 1342 circulus

1018 1364 1231 1406 maximus
1258 1364 1313 1407 sit
1343 1367 1384 1407 Γ

1020 1433 1056 1472 Β
1071 1434 1105 1472 Ζ
1168 1430 1376 1473 circulum

1018 1499 1149 1538 ΑΔΕ
1167 1511 1314 1540 secans
1336 1500 1377 1538 et

1048 1565 1273 1604 sumantur
1301 1562 1347 1604 in

893 1612 929 1646 K
1018 1628 1184 1669 ambitu
1227 1628 1376 1670 circuli

1021 1695 1133 1735 ΓΖΒ
1150 1693 1233 1735 duo
1252 1708 1377 1748 quae-

60 1741 86 1775 ‘4
1018 1758 1082 1801 vis
1091 1762 1250 1814 puncta
1262 1761 1310 1814 Z,
1319 1761 1378 1815 H,

1019 1828 1061 1867 et
1087 1825 1143 1867 sit
1167 1826 1374 1880 punctum

1022 1895 1057 1933 Z
1080 1891 1133 1933 ad
1153 1890 1376 1946 septentri-

1019 1957 1376 2013 ones;dico‚punc-

1020 2026 1114 2065 tum
1166 2026 1201 2064 Z
1255 2022 1375 2078 prius

27 2085 126 2127 oriri
157 2100 284 2142 quam
315 2090 377 2142 H,
407 2089 624 2143 posterius
658 2091 800 2130 autem
833 2089 1034 2132 occidere.

17 2209 25 2213 „
85 2151 170 2193 sint
193 2155 335 2207 partes
362 2154 590 2196 orientales
610 2156 659 2209 Γ,
685 2154 967 2198 occidentales
988 2158 1130 2197 autem
1151 2157 1200 2210 B,
1226 2156 1268 2196 et
1288 2153 1375 2195 sint

26 2215 174 2258 circuli
204 2218 415 2273 paralleli,
450 2234 528 2274 per
555 2234 664 2274 quos
691 2223 850 2275 puncta
879 2224 931 2274 Z,
958 2223 1010 2263 H
1028 2221 1241 2275 feruntur,
1277 2221 1375 2272 ΘΚ,

26 2283 137 2336 ΛΜ,
168 2284 211 2324 et
242 2282 506 2327 describatur
535 2300 613 2340 per
642 2289 851 2341 punctum
881 2289 915 2327 Z
947 2286 1159 2328 maximus
1190 2285 1374 2328 circulus

28 2346 154 2390 NZE
176 2347 380 2391 circulum
401 2353 530 2392 ΑΔΕ
551 2351 613 2393 ita
638 2352 903 2408 contingens,
928 2354 977 2394 ut
1003 2350 1295 2394 semicirculus
1321 2350 1373 2391 ab
