1494 2450
593 21 898 59 FRAGMENTA
1339 19 1423 61 241

32 82 310 201 Ξδεδομένης
334 135 514 184 εὐθείας
537 133 649 188 πρὸς
673 138 732 190 τῷ
754 130 818 174 ἐπ’
845 132 983 186 αὐτης
1002 130 1227 188 δεδομένω
1248 132 1427 186 σημείῳ,

30 179 279 256 ”ἓῘ’ἀποτεμεῑ
310 200 382 244 καὶ
418 201 444 256 ἡ
480 198 605 255 ἑτέρα
639 198 726 241 ἀπὸ
762 196 913 252 ἑτέρας
950 199 1086 252 λόγον
1122 194 1315 252 ἔχουσαν
1352 196 1427 238 δο-

29 260 230 324 1ᾔθέντα·

132 333 180 376 ἐν
205 330 254 376 δε
278 340 370 382 τοῖς
395 330 511 386 ἑξῆς·

34 436 39 450 .
129 397 163 441 Ι.
189 398 257 441 ὅτι
287 398 390 440 τόδε
421 397 470 439 τὸ
503 403 686 452 σημεῖον
717 395 896 438 ἅπτεται
928 394 1054 437 θέσει
1085 394 1326 450 δεδομένης
1357 394 1426 437 εὐ-
1477 403 1494 434 5

24 452 51 519 ξ
71 467 208 515 θείας.

130 528 184 572 II.
212 529 279 572 ὅτι
304 531 435 583 λόγος
459 530 593 583 τῆσδε
617 528 728 583 πρὸς
752 527 884 582 τήνδε
911 527 1074 576 δοθείς.

37 602 53 655 ξ
130 594 205 638 ΠΙ.
231 595 298 638 ὅτι
325 595 454 649 λόγος
479 594 611 648 τῆσδε
635 593 745 649 πρὸς
771 592 1009 648 ἀποτομήν.

39 664 45 675 ¹
131 659 206 703 IV.
232 660 299 702 ὅτι
324 660 402 714 ἥδε
427 658 554 701 θέσει
580 658 794 713 δεδομένη
823 657 954 701 ἐστίν.

132 725 184 768 V.
211 725 278 768 ’ὅτι
302 726 382 780 ἥδε
408 723 478 767 ἐπὶ
505 721 645 767 δοθὲν
670 725 801 767 νεύει.
1457 731 1494 763 10

45 832 50 849 Ι,
131 789 206 834 VI.
240 791 306 833 ὅτι
342 792 471 845 λόγος
505 791 637 844 τῆσδε
670 791 783 846 πρός
816 806 917 832 τινα
951 789 1036 832 ἀπὸ
1071 790 1204 832 τοῦδε
1239 788 1320 839 ἕως
1354 789 1427 831 δο-

18 855 25 883 '-
71 856 243 907 θέντος.

132 920 228 964 VII.
249 922 316 965 ὅτι
337 923 466 976 λόγος
485 922 618 976 τῆσδε
637 923 747 977 πρός
765 936 866 964 τινα
885 921 970 964 ἀπὸ
991 922 1124 964 τοῦδε
1139 920 1428 976 κατηγμένην.

132 986 251 1030 VIII.
271 987 338 1030 ὅτι
357 989 488 1042 λόγος
506 987 639 1030 τοῦδε
651 992 732 1029 τοῦ
746 988 911 1043 χωρίου
926 987 1036 1043 πρὸς
1052 988 1102 1030 τὸ
1118 987 1202 1030 ὑπὸ
1217 987 1429 1042 δοθείσης

11 1049 38 1105 ῐξ
71 1053 144 1096 καὶ
170 1054 315 1108 τῆσδε.
1457 1060 1494 1091 15

12 1167 15 1174 ¹
132 1117 206 1161 IX.
234 1118 301 1161 ὅτι
325 1119 458 1161 τοῦδε
482 1125 562 1160 τοῦ
588 1119 752 1174 χωρίου
780 1118 803 1160 ὃ
830 1117 911 1173 μέν
935 1134 978 1161 τι
1004 1117 1145 1160 δοθέν
1171 1117 1305 1173 ἐστιν,
1332 1117 1355 1160 ὃ
1380 1115 1429 1160 δὲ

42 1191 44 1195 ’
74 1185 208 1239 λόγον
232 1182 320 1239 ἔχει
344 1184 456 1238 πρὸς
480 1183 719 1239 ἀποτομήν.

10 1301 11 1304 ¹
133 1249 184 1291 X.
211 1250 278 1293 ὅτι
297 1250 397 1292 τόδε
422 1252 472 1293 τὸ
499 1252 664 1305 χωρίον
687 1249 714 1304 ἢ
741 1250 842 1292 τόδε
874 1250 980 1304 μετά
1010 1265 1132 1300 τινος
1163 1251 1329 1305 χωρίου
1356 1250 1429 1292 δο-

8 1308 14 1338 ³'
74 1314 160 1358 θέν
184 1314 318 1370 ἐστιν,
343 1314 486 1358 ἐκεῖνο
513 1312 725 1370 δὲλόγον
750 1314 839 1371 ἔχει
864 1316 975 1371 πρὸς
1000 1314 1237 1371 ἀποτομήν.

6 1389 15 1441 '3
133 1379 205 1423 XL
231 1380 298 1422 ὅτι
322 1380 369 1435 ἡ,
400 1379 503 1434 μεθ’
532 1378 582 1436 ἧς
613 1382 722 1437 πρὸς
753 1381 810 1436 ἣν
840 1382 921 1437 ἥδε
946 1382 1082 1436 λόγον
1108 1383 1195 1436 ἔχει
1222 1380 1429 1436 δοθέντα,
1456 1388 1494 1420 2(

38 1473 40 1475 >
75 1448 210 1501 λόγον
234 1443 323 1501 ἔχει
347 1447 457 1500 πρός
481 1462 582 1488 τινα
608 1446 693 1488 ἀπὸ
720 1447 853 1489 τοῦδε
878 1446 959 1497 ἕως
985 1445 1213 1497 δοθέντος.

134 1510 228 1553 ΧΠ.
264 1511 332 1553 ὅτι
365 1512 414 1554 τὸ
449 1511 536 1555 ὑπὸ
573 1513 784 1566 δοθείσης
816 1513 890 1555 καὶ
923 1513 1058 1567 τῆσδε
1092 1512 1192 1555 ἴσον
1222 1511 1344 1555 ἐστὶν
1375 1516 1434 1572 τῷ

37 1623 39 1625 ξ
73 1577 161 1620 ὑπὸ
188 1578 397 1632 δοθείσης
422 1576 494 1619 καὶ
520 1584 596 1633 τῆς
622 1577 706 1621 ἀπὸ
732 1579 864 1621 τοῦδε
890 1577 970 1628 ἕως
997 1578 1223 1628 δοθέντος.

133 1641 250 1685 XIII.
277 1642 345 1685 ὅτι
365 1644 496 1696 λόγος
519 1644 654 1698 τῆσδε
678 1643 751 1686 καὶ
773 1645 906 1699 τῆσδε
930 1645 1041 1700 πρός
1066 1660 1167 1686 τινα
1192 1644 1277 1689 ἀπὸ
1298 1647 1430 1689 τοῦδε

75 1707 155 1759 ἕως
180 1707 407 1758 δοθέντος.
1456 1717 1494 1751 25

134 1771 250 1815 XIV.
277 1773 345 1816 ὅτι
369 1773 448 1828 ’ἥδε
473 1773 708 1828 ἀποτέμνει
733 1774 818 1817 ἀπὸ
847 1773 972 1817 θέσει
1005 1774 1259 1830 δεδομένων
1290 1775 1430 1820 δοθὲν

74 1839 374 1894 περιεχούσας.

129 1903 207 1946 Ἐν
232 1901 282 1946 δὲ
305 1907 366 1962 τῷ
386 1904 579 1962 δευτέρῳ
605 1907 762 1963 βιβλίῳ
787 1905 1025 1957 ὑποθέσεις
1049 1906 1132 1962 μὲν
1156 1906 1314 1964 ἕτεραι,
1339 1916 1431 1951 τῶν

76 1967 126 2012 δὲ
151 1964 428 2024 ζητουμένων
452 1971 506 2012 τὰ
529 1968 611 2023 μὲν
635 1973 820 2013 πλείονα
843 1972 896 2013 τὰ
916 1972 1026 2014 αὐτὰ
1045 1980 1137 2022 τοῖς
1156 1972 1205 2015 ἐν
1226 1978 1289 2031 τῷ
1313 1974 1430 2030 πρώ-

75 2050 135 2093 τῳ
160 2036 333 2092 βιβλίῳ,
358 2037 545 2090 περισσὰ
571 2033 621 2079 δὲ
645 2041 799 2079 ταῦτα·
1457 2044 1494 2077 3(

138 2214 193 2246 18.
220 2211 354 2259 δοθέν]
381 2212 563 2254 δοθέντος
587 2213 685 2257 cod„
716 2213 885 2249 Hultsch.
984 2218 1041 2251 20.
1067 2215 1155 2262 ἡ]η
1137 2213 1199 2251 ”δε
1226 2216 1324 2259 cod„
1357 2216 1428 2251 del

76 2257 244 2294 Hultsoh.
462 2263 518 2295 22.
544 2260 736 2308 δοθείσης]
763 2260 918 2298 δοθέντι
943 2263 1042 2306 cod.·
1075 2261 1258 2304 δοθέντος
1282 2263 1429 2308 Halley,

75 2305 246 2342 Hultsch.
304 2310 359 2342 23.
386 2306 576 2355 δοθείσης]
599 2308 754 2345 δοθέντι
773 2310 871 2345 cod.·
863 2309 1074 2353 δοθέντος
1092 2310 1238 2356 Halley,
1260 2311 1428 2346 Hulizsch.

147 2371 260 2399 Eucli
267 2373 346 2404 des,
367 2373 434 2400 o.‹1d
455 2374 503 2400 He
505 2375 570 2400 ierb
537 2382 591 2406 erg
609 2375 775 2408 eethng
802 2376 888 2401 vm
1173 2374 1215 2404 16
