<?xml version="1.0" encoding="UTF-8"?>
<!DOCTYPE html PUBLIC "-//W3C//DTD XHTML 1.0 Transitional//EN"
    "http://www.w3.org/TR/xhtml1/DTD/xhtml1-transitional.dtd">
<html xmlns="http://www.w3.org/1999/xhtml" xml:lang="en" lang="en">
 <head>
  <title>
</title>
<meta http-equiv="Content-Type" content="text/html;charset=utf-8" />
  <meta name='ocr-system' content='tesseract 3.04.00' />
  <meta name='ocr-capabilities' content='ocr_page ocr_carea ocr_par ocr_line ocrx_word'/>
</head>
<body>
  <div class='ocr_page' id='page_1' title='image "./euclidisoperaomn08eucluoft_0122.png"; bbox 0 0 1494 2450; ppageno 0'>
   <div class='ocr_carea' id='block_1_1' title="bbox 142 46 946 88">
    <p class='ocr_par' dir='ltr' id='par_1_1' title="bbox 142 46 946 88">
     <span class='ocr_line' id='line_1_1' title="bbox 142 46 946 88; baseline 0.004 -7"><span class='ocrx_word' id='word_1_1' title='bbox 142 46 197 88; x_wconf 87' lang='grc'><em>64</em></span> <span class='ocrx_word' id='word_1_2' title='bbox 641 50 946 84; x_wconf 81' lang='grc' dir='ltr'><strong><em>ΦΑΙΝΟΜΕΝΑ</em></strong></span> 
     </span>
    </p>
   </div>
   <div class='ocr_carea' id='block_1_2' title="bbox 190 180 1419 1330">
    <p class='ocr_par' dir='ltr' id='par_1_2' title="bbox 190 180 1419 1330">
     <span class='ocr_line' id='line_1_2' title="bbox 190 180 1419 1330; baseline 0 -27"><span class='ocrx_word' id='word_1_3' title='bbox 190 180 1419 1330; x_wconf 95' lang='lat' dir='ltr'><em>   </em></span> <span class='ocrx_word' id='word_1_4' title='bbox 1034 1186 1419 1303; x_wconf 95' lang='lat' dir='ltr'><em> </em></span> 
     </span>
    </p>
   </div>
   <div class='ocr_carea' id='block_1_3' title="bbox 660 1215 1034 1274">
    <p class='ocr_par' dir='ltr' id='par_1_3' title="bbox 660 1215 1034 1274">
     <span class='ocr_line' id='line_1_3' title="bbox 660 1215 1034 1274; baseline 0.005 -13"><span class='ocrx_word' id='word_1_5' title='bbox 660 1215 1034 1274; x_wconf 54' lang='grc' dir='ltr'><em>χειμερινὸςτροπικᾶς</em></span> 
     </span>
    </p>
   </div>
   <div class='ocr_carea' id='block_1_4' title="bbox 90 1365 1460 1806">
    <p class='ocr_par' dir='ltr' id='par_1_4' title="bbox 90 1365 1460 1806">
     <span class='ocr_line' id='line_1_4' title="bbox 136 1365 1460 1422; baseline 0.002 -16"><span class='ocrx_word' id='word_1_6' title='bbox 136 1365 185 1407; x_wconf 83' lang='grc' dir='ltr'><em>τὸ</em></span> <span class='ocrx_word' id='word_1_7' title='bbox 216 1366 320 1419; x_wconf 84' lang='grc' dir='ltr'><em>μετὰ</em></span> <span class='ocrx_word' id='word_1_8' title='bbox 351 1366 429 1408; x_wconf 84' lang='grc' dir='ltr'><em>τὸν</em></span> <span class='ocrx_word' id='word_1_9' title='bbox 455 1368 679 1419; x_wconf 80' lang='grc' dir='ltr'><strong><em>Καρκίνον</em></strong></span> <span class='ocrx_word' id='word_1_10' title='bbox 709 1365 965 1420; x_wconf 80' lang='grc' dir='ltr'><em>ἡμικύκλιον</em></span> <span class='ocrx_word' id='word_1_11' title='bbox 995 1365 1104 1422; x_wconf 73' lang='grc' dir='ltr'>ὑπὲρ</span> <span class='ocrx_word' id='word_1_12' title='bbox 1130 1373 1213 1421; x_wconf 77' lang='grc' dir='ltr'><em>γῆν</em></span> <span class='ocrx_word' id='word_1_13' title='bbox 1237 1368 1284 1409; x_wconf 84' lang='grc' dir='ltr'><em>τὸ</em></span> <span class='ocrx_word' id='word_1_14' title='bbox 1310 1372 1352 1409; x_wconf 90' lang='grc' dir='ltr'><em>Α</em></span> <span class='ocrx_word' id='word_1_15' title='bbox 1360 1370 1410 1409; x_wconf 91' lang='grc' dir='ltr'><em>Η</em></span> <span class='ocrx_word' id='word_1_16' title='bbox 1413 1368 1453 1409; x_wconf 92' lang='grc' dir='ltr'><strong><em>Γ</em></strong></span> <span class='ocrx_word' id='word_1_17' title='bbox 1449 1399 1460 1420; x_wconf 82' lang='lat'><strong><em>,</em></strong></span> 
     </span>
     <span class='ocr_line' id='line_1_5' title="bbox 137 1428 1460 1486; baseline 0.002 -16"><span class='ocrx_word' id='word_1_18' title='bbox 137 1428 207 1470; x_wconf 85' lang='grc' dir='ltr'><em>καὶ</em></span> <span class='ocrx_word' id='word_1_19' title='bbox 245 1431 472 1485; x_wconf 76' lang='grc' dir='ltr'><em>διῃρήσθω</em></span> <span class='ocrx_word' id='word_1_20' title='bbox 505 1429 708 1485; x_wconf 79' lang='grc' dir='ltr'><em>ἑκάτερον</em></span> <span class='ocrx_word' id='word_1_21' title='bbox 737 1437 825 1472; x_wconf 85' lang='grc' dir='ltr'><em>τῶν</em></span> <span class='ocrx_word' id='word_1_22' title='bbox 855 1434 896 1471; x_wconf 91' lang='grc' dir='ltr'><em>Α</em></span> <span class='ocrx_word' id='word_1_23' title='bbox 906 1433 967 1485; x_wconf 89' lang='grc' dir='ltr'><em>Η,</em></span> <span class='ocrx_word' id='word_1_24' title='bbox 995 1433 1089 1472; x_wconf 91' lang='grc' dir='ltr'><em>ΗΓ</em></span> <span class='ocrx_word' id='word_1_25' title='bbox 1118 1433 1460 1486; x_wconf 79' lang='grc' dir='ltr'><em>τεταρτομορίων</em></span> 
     </span>
     <span class='ocr_line' id='line_1_6' title="bbox 136 1494 1459 1550; baseline 0.002 -15"><span class='ocrx_word' id='word_1_26' title='bbox 136 1494 198 1543; x_wconf 80' lang='grc' dir='ltr'><em>εἰς</em></span> <span class='ocrx_word' id='word_1_27' title='bbox 221 1494 273 1535; x_wconf 86' lang='grc' dir='ltr'><em>τὰ</em></span> <span class='ocrx_word' id='word_1_28' title='bbox 300 1495 428 1550; x_wconf 79' lang='grc' dir='ltr'><em>ζῳὸία</em></span> <span class='ocrx_word' id='word_1_29' title='bbox 454 1495 559 1536; x_wconf 80' lang='grc' dir='ltr'><em>κατὰ</em></span> <span class='ocrx_word' id='word_1_30' title='bbox 585 1495 636 1536; x_wconf 78' lang='grc' dir='ltr'><em>τὰ</em></span> <span class='ocrx_word' id='word_1_31' title='bbox 664 1497 719 1548; x_wconf 88' lang='grc' dir='ltr'><em>Θ,</em></span> <span class='ocrx_word' id='word_1_32' title='bbox 747 1496 806 1548; x_wconf 89' lang='grc' dir='ltr'><em>Κ,</em></span> <span class='ocrx_word' id='word_1_33' title='bbox 834 1498 891 1548; x_wconf 89' lang='grc' dir='ltr'><em>Λ,</em></span> <span class='ocrx_word' id='word_1_34' title='bbox 918 1497 982 1536; x_wconf 91' lang='grc' dir='ltr'><em>Μ·</em></span> <span class='ocrx_word' id='word_1_35' title='bbox 1032 1495 1162 1549; x_wconf 77' lang='grc' dir='ltr'><em>λέγω,</em></span> <span class='ocrx_word' id='word_1_36' title='bbox 1193 1495 1257 1537; x_wconf 84' lang='grc' dir='ltr'><em>ὅτι</em></span> <span class='ocrx_word' id='word_1_37' title='bbox 1283 1496 1327 1537; x_wconf 77' lang='grc' dir='ltr'><em>αἱ</em></span> <span class='ocrx_word' id='word_1_38' title='bbox 1353 1498 1459 1548; x_wconf 84' lang='grc' dir='ltr'><em>ΑΘ,</em></span> 
     </span>
     <span class='ocr_line' id='line_1_7' title="bbox 139 1557 1459 1613; baseline 0.002 -14"><span class='ocrx_word' id='word_1_39' title='bbox 139 1559 244 1611; x_wconf 86' lang='grc' dir='ltr'><em>ΘΚ,</em></span> <span class='ocrx_word' id='word_1_40' title='bbox 270 1560 381 1612; x_wconf 90' lang='grc' dir='ltr'><em>ΚΗ,</em></span> <span class='ocrx_word' id='word_1_41' title='bbox 408 1561 512 1610; x_wconf 91' lang='grc' dir='ltr'><em>ΗΛ,</em></span> <span class='ocrx_word' id='word_1_42' title='bbox 541 1560 656 1612; x_wconf 92' lang='grc' dir='ltr'><strong><em>ΛΜ,</em></strong></span> <span class='ocrx_word' id='word_1_43' title='bbox 683 1560 783 1600; x_wconf 93' lang='grc' dir='ltr'><em>ΜΓ</em></span> <span class='ocrx_word' id='word_1_44' title='bbox 802 1557 850 1600; x_wconf 83' lang='grc' dir='ltr'><em>ἐν</em></span> <span class='ocrx_word' id='word_1_45' title='bbox 874 1558 1041 1607; x_wconf 80' lang='grc' dir='ltr'><em>ἀνίσοις</em></span> <span class='ocrx_word' id='word_1_46' title='bbox 1065 1561 1238 1613; x_wconf 81' lang='grc' dir='ltr'><em>χρόνοις</em></span> <span class='ocrx_word' id='word_1_47' title='bbox 1262 1559 1459 1607; x_wconf 80' lang='grc' dir='ltr'><em>δύνουσι,</em></span> 
     </span>
     <span class='ocr_line' id='line_1_8' title="bbox 90 1620 1459 1677; baseline -0.001 -11"><span class='ocrx_word' id='word_1_48' title='bbox 90 1637 109 1666; x_wconf 80' lang='lat'>5</span> <span class='ocrx_word' id='word_1_49' title='bbox 136 1620 207 1663; x_wconf 84' lang='grc' dir='ltr'><em>καὶ</em></span> <span class='ocrx_word' id='word_1_50' title='bbox 241 1621 290 1664; x_wconf 79' lang='grc' dir='ltr'><em>ἐν</em></span> <span class='ocrx_word' id='word_1_51' title='bbox 320 1625 538 1671; x_wconf 78' lang='grc' dir='ltr'><em>πλείστοις</em></span> <span class='ocrx_word' id='word_1_52' title='bbox 567 1620 647 1677; x_wconf 71' lang='grc' dir='ltr'><em>μὲν</em></span> <span class='ocrx_word' id='word_1_53' title='bbox 681 1623 725 1664; x_wconf 78' lang='grc' dir='ltr'><em>αὶ</em></span> <span class='ocrx_word' id='word_1_54' title='bbox 751 1626 792 1664; x_wconf 92' lang='grc' dir='ltr'><em>Α</em></span> <span class='ocrx_word' id='word_1_55' title='bbox 802 1625 856 1676; x_wconf 84' lang='grc' dir='ltr'><em>Θ,</em></span> <span class='ocrx_word' id='word_1_56' title='bbox 884 1624 989 1675; x_wconf 88' lang='grc' dir='ltr'><em>ΓΜ,</em></span> <span class='ocrx_word' id='word_1_57' title='bbox 1027 1621 1075 1664; x_wconf 81' lang='grc' dir='ltr'><em>ἐν</em></span> <span class='ocrx_word' id='word_1_58' title='bbox 1105 1620 1307 1665; x_wconf 78' lang='grc' dir='ltr'><em>ἑλάσσοσι</em></span> <span class='ocrx_word' id='word_1_59' title='bbox 1338 1620 1387 1664; x_wconf 67' lang='grc' dir='ltr'><em>δὲ</em></span> <span class='ocrx_word' id='word_1_60' title='bbox 1417 1623 1459 1664; x_wconf 77' lang='grc' dir='ltr'><em>αἱ</em></span> 
     </span>
     <span class='ocr_line' id='line_1_9' title="bbox 140 1684 1460 1744; baseline 0.002 -17"><span class='ocrx_word' id='word_1_61' title='bbox 140 1688 242 1740; x_wconf 83' lang='grc' dir='ltr'><em>ΘΚ,</em></span> <span class='ocrx_word' id='word_1_62' title='bbox 270 1689 385 1737; x_wconf 92' lang='grc' dir='ltr'><strong><em>ΛΜ,</em></strong></span> <span class='ocrx_word' id='word_1_63' title='bbox 419 1685 467 1728; x_wconf 84' lang='grc' dir='ltr'><em>ἐν</em></span> <span class='ocrx_word' id='word_1_64' title='bbox 499 1685 704 1744; x_wconf 76' lang='grc' dir='ltr'><strong><em>ἐλαχίστῳ</em></strong></span> <span class='ocrx_word' id='word_1_65' title='bbox 737 1684 785 1728; x_wconf 71' lang='grc' dir='ltr'><em>δὲ</em></span> <span class='ocrx_word' id='word_1_66' title='bbox 816 1687 861 1728; x_wconf 79' lang='grc' dir='ltr'><em>αἱ</em></span> <span class='ocrx_word' id='word_1_67' title='bbox 886 1689 997 1740; x_wconf 90' lang='lat' dir='ltr'><em>KH,</em></span> <span class='ocrx_word' id='word_1_68' title='bbox 1024 1688 1127 1739; x_wconf 88' lang='lat' dir='ltr'><em>HA,</em></span> <span class='ocrx_word' id='word_1_69' title='bbox 1162 1685 1211 1728; x_wconf 81' lang='grc' dir='ltr'><em>ἐν</em></span> <span class='ocrx_word' id='word_1_70' title='bbox 1244 1691 1323 1744; x_wconf 74' lang='grc' dir='ltr'><em>ἴσῳ</em></span> <span class='ocrx_word' id='word_1_71' title='bbox 1357 1685 1404 1729; x_wconf 75' lang='grc' dir='ltr'><em>δὲ</em></span> <span class='ocrx_word' id='word_1_72' title='bbox 1434 1688 1460 1741; x_wconf 78' lang='grc' dir='ltr'><em>ἡ</em></span> 
     </span>
     <span class='ocr_line' id='line_1_10' title="bbox 135 1748 1460 1806; baseline 0.002 -15"><span class='ocrx_word' id='word_1_73' title='bbox 135 1748 215 1803; x_wconf 73' lang='grc' dir='ltr'><em>μὲν</em></span> <span class='ocrx_word' id='word_1_74' title='bbox 240 1754 329 1791; x_wconf 85' lang='grc' dir='ltr'><em>ΑΘ</em></span> <span class='ocrx_word' id='word_1_75' title='bbox 359 1757 410 1806; x_wconf 79' lang='grc' dir='ltr'><em>τῇ</em></span> <span class='ocrx_word' id='word_1_76' title='bbox 436 1752 542 1801; x_wconf 85' lang='grc' dir='ltr'><strong><em>ΜΓ,</em></strong></span> <span class='ocrx_word' id='word_1_77' title='bbox 574 1750 599 1804; x_wconf 81' lang='grc' dir='ltr'><em>ἡ</em></span> <span class='ocrx_word' id='word_1_78' title='bbox 631 1748 680 1792; x_wconf 76' lang='grc' dir='ltr'><em>δὲ</em></span> <span class='ocrx_word' id='word_1_79' title='bbox 708 1754 796 1793; x_wconf 87' lang='grc' dir='ltr'><em>ΘΚ</em></span> <span class='ocrx_word' id='word_1_80' title='bbox 817 1757 867 1805; x_wconf 78' lang='grc' dir='ltr'><em>τῇ</em></span> <span class='ocrx_word' id='word_1_81' title='bbox 895 1753 1005 1803; x_wconf 94' lang='grc' dir='ltr'><em>ΜΛ,</em></span> <span class='ocrx_word' id='word_1_82' title='bbox 1038 1751 1064 1804; x_wconf 79' lang='grc' dir='ltr'><strong><em>ἡ</em></strong></span> <span class='ocrx_word' id='word_1_83' title='bbox 1090 1751 1138 1792; x_wconf 79' lang='grc' dir='ltr'><em>δὲ</em></span> <span class='ocrx_word' id='word_1_84' title='bbox 1165 1753 1262 1792; x_wconf 90' lang='grc' dir='ltr'><em>ΚΗ</em></span> <span class='ocrx_word' id='word_1_85' title='bbox 1281 1757 1332 1806; x_wconf 82' lang='grc' dir='ltr'><em>τῇ</em></span> <span class='ocrx_word' id='word_1_86' title='bbox 1358 1753 1460 1793; x_wconf 90' lang='grc' dir='ltr'><em>ΛΗ.</em></span> 
     </span>
    </p>
   </div>
   <div class='ocr_carea' id='block_1_5' title="bbox 138 1829 355 1833">
    <p class='ocr_par' dir='ltr' id='par_1_5' title="bbox 138 1829 355 1833">
     <span class='ocr_line' id='line_1_11' title="bbox 138 1829 355 1833; baseline 0 0"><span class='ocrx_word' id='word_1_87' title='bbox 138 1829 355 1833; x_wconf 95' lang='lat' dir='ltr'><em> </em></span> 
     </span>
    </p>
   </div>
   <div class='ocr_carea' id='block_1_6' title="bbox 256 1837 1392 1841">
    <p class='ocr_par' dir='ltr' id='par_1_6' title="bbox 256 1837 1392 1841">
     <span class='ocr_line' id='line_1_12' title="bbox 256 1837 1392 1841; baseline 0 0"><span class='ocrx_word' id='word_1_88' title='bbox 256 1837 1392 1841; x_wconf 95' lang='lat' dir='ltr'><em> </em></span> 
     </span>
    </p>
   </div>
   <div class='ocr_carea' id='block_1_7' title="bbox 90 1868 1461 2157">
    <p class='ocr_par' dir='ltr' id='par_1_7' title="bbox 137 1868 1461 1922">
     <span class='ocr_line' id='line_1_13' title="bbox 137 1868 1461 1922; baseline 0 -14"><span class='ocrx_word' id='word_1_89' title='bbox 137 1873 296 1920; x_wconf 83' lang='grc' dir='ltr'><em>σημεῖα·</em></span> <span class='ocrx_word' id='word_1_90' title='bbox 346 1868 454 1922; x_wconf 78' lang='grc' dir='ltr'><strong><em>λέγω,</em></strong></span> <span class='ocrx_word' id='word_1_91' title='bbox 489 1870 545 1909; x_wconf 76' lang='grc' dir='ltr'><em>ὅτι</em></span> <span class='ocrx_word' id='word_1_92' title='bbox 580 1871 624 1909; x_wconf 85' lang='grc' dir='ltr'><em>αἱ</em></span> <span class='ocrx_word' id='word_1_93' title='bbox 653 1873 748 1921; x_wconf 83' lang='grc' dir='ltr'><em>ΒΚ,</em></span> <span class='ocrx_word' id='word_1_94' title='bbox 779 1872 876 1921; x_wconf 87' lang='grc' dir='ltr'><em>ΚΛ,</em></span> <span class='ocrx_word' id='word_1_95' title='bbox 908 1868 1003 1920; x_wconf 86' lang='grc' dir='ltr'><em>ΛΞ,</em></span> <span class='ocrx_word' id='word_1_96' title='bbox 1035 1868 1140 1920; x_wconf 86' lang='grc' dir='ltr'><strong><em>ΞΜ,</em></strong></span> <span class='ocrx_word' id='word_1_97' title='bbox 1166 1872 1284 1921; x_wconf 90' lang='grc' dir='ltr'><em>ΜΝ,</em></span> <span class='ocrx_word' id='word_1_98' title='bbox 1309 1872 1387 1910; x_wconf 93' lang='grc' dir='ltr'><em>ΝΔ</em></span> <span class='ocrx_word' id='word_1_99' title='bbox 1419 1869 1461 1909; x_wconf 82' lang='grc' dir='ltr'><em>ἕν</em></span> 
     </span>
    </p>

    <p class='ocr_par' dir='ltr' id='par_1_8' title="bbox 136 1926 1460 1979">
     <span class='ocr_line' id='line_1_14' title="bbox 136 1926 1460 1979; baseline 0 -13"><span class='ocrx_word' id='word_1_100' title='bbox 136 1926 286 1974; x_wconf 85' lang='grc' dir='ltr'><em>ἀνίσοις</em></span> <span class='ocrx_word' id='word_1_101' title='bbox 316 1928 469 1979; x_wconf 79' lang='grc' dir='ltr'><em>χρόνοις</em></span> <span class='ocrx_word' id='word_1_102' title='bbox 500 1929 679 1977; x_wconf 82' lang='grc' dir='ltr'><em>δύνουσι,</em></span> <span class='ocrx_word' id='word_1_103' title='bbox 710 1927 774 1967; x_wconf 82' lang='grc' dir='ltr'><em>καὶ</em></span> <span class='ocrx_word' id='word_1_104' title='bbox 805 1927 847 1968; x_wconf 78' lang='grc' dir='ltr'><em>ἐν</em></span> <span class='ocrx_word' id='word_1_105' title='bbox 871 1929 1060 1974; x_wconf 82' lang='grc' dir='ltr'><em>πλείστοις</em></span> <span class='ocrx_word' id='word_1_106' title='bbox 1085 1926 1154 1979; x_wconf 81' lang='grc' dir='ltr'><em>μὲν</em></span> <span class='ocrx_word' id='word_1_107' title='bbox 1179 1928 1224 1967; x_wconf 79' lang='grc' dir='ltr'><em>αἱ</em></span> <span class='ocrx_word' id='word_1_108' title='bbox 1245 1930 1338 1979; x_wconf 87' lang='grc' dir='ltr'><em>ΒΚ,</em></span> <span class='ocrx_word' id='word_1_109' title='bbox 1364 1931 1460 1978; x_wconf 90' lang='grc' dir='ltr'><em>ΝΔ,</em></span> 
     </span>
    </p>

    <p class='ocr_par' dir='ltr' id='par_1_9' title="bbox 137 1983 1460 2038">
     <span class='ocr_line' id='line_1_15' title="bbox 137 1983 1460 2038; baseline 0 -13"><span class='ocrx_word' id='word_1_110' title='bbox 137 1985 178 2024; x_wconf 81' lang='grc' dir='ltr'><em>ἕν</em></span> <span class='ocrx_word' id='word_1_111' title='bbox 202 1985 378 2025; x_wconf 82' lang='grc' dir='ltr'><em>ἐλάσσοσι</em></span> <span class='ocrx_word' id='word_1_112' title='bbox 403 1986 443 2024; x_wconf 81' lang='grc' dir='ltr'><em>δὲ</em></span> <span class='ocrx_word' id='word_1_113' title='bbox 469 1987 513 2025; x_wconf 78' lang='grc' dir='ltr'><em>αἱ</em></span> <span class='ocrx_word' id='word_1_114' title='bbox 534 1989 631 2035; x_wconf 90' lang='grc' dir='ltr'><em>ΚΛ,</em></span> <span class='ocrx_word' id='word_1_115' title='bbox 659 1989 772 2038; x_wconf 92' lang='grc' dir='ltr'><em>ΜΝ,</em></span> <span class='ocrx_word' id='word_1_116' title='bbox 804 1985 845 2025; x_wconf 83' lang='grc' dir='ltr'><em>ἕν</em></span> <span class='ocrx_word' id='word_1_117' title='bbox 870 1985 1075 2037; x_wconf 79' lang='grc' dir='ltr'><em>ἐλαχίστοις</em></span> <span class='ocrx_word' id='word_1_118' title='bbox 1100 1983 1141 2024; x_wconf 78' lang='grc' dir='ltr'><em>δὲ</em></span> <span class='ocrx_word' id='word_1_119' title='bbox 1166 1986 1211 2024; x_wconf 80' lang='grc' dir='ltr'><em>αἱ</em></span> <span class='ocrx_word' id='word_1_120' title='bbox 1231 1984 1327 2035; x_wconf 86' lang='grc' dir='ltr'><em>ΛΞ,</em></span> <span class='ocrx_word' id='word_1_121' title='bbox 1351 1985 1460 2033; x_wconf 88' lang='grc' dir='ltr'><strong><em>ΞΜ,</em></strong></span> 
     </span>
    </p>

    <p class='ocr_par' dir='ltr' id='par_1_10' title="bbox 90 2042 1460 2157">
     <span class='ocr_line' id='line_1_16' title="bbox 136 2042 1460 2100; baseline 0 -18"><span class='ocrx_word' id='word_1_122' title='bbox 136 2043 177 2082; x_wconf 82' lang='grc' dir='ltr'><em>ἕν</em></span> <span class='ocrx_word' id='word_1_123' title='bbox 203 2043 299 2091; x_wconf 83' lang='grc' dir='ltr'><em>ἴσοις</em></span> <span class='ocrx_word' id='word_1_124' title='bbox 325 2042 366 2084; x_wconf 78' lang='grc' dir='ltr'><em>δὲ</em></span> <span class='ocrx_word' id='word_1_125' title='bbox 391 2042 416 2094; x_wconf 76' lang='grc' dir='ltr'>ἡ</span> <span class='ocrx_word' id='word_1_126' title='bbox 442 2043 511 2095; x_wconf 82' lang='grc' dir='ltr'><em>μὲν</em></span> <span class='ocrx_word' id='word_1_127' title='bbox 537 2043 620 2087; x_wconf 82' lang='grc' dir='ltr'><em>ΛΞ</em></span> <span class='ocrx_word' id='word_1_128' title='bbox 637 2051 682 2100; x_wconf 81' lang='grc' dir='ltr'><em>τῇ</em></span> <span class='ocrx_word' id='word_1_129' title='bbox 708 2043 814 2096; x_wconf 85' lang='grc' dir='ltr'><strong><em>ΞΜ,</em></strong></span> <span class='ocrx_word' id='word_1_130' title='bbox 839 2042 864 2095; x_wconf 81' lang='grc' dir='ltr'><em>ἡ</em></span> <span class='ocrx_word' id='word_1_131' title='bbox 890 2042 931 2083; x_wconf 82' lang='grc' dir='ltr'><em>δὲ</em></span> <span class='ocrx_word' id='word_1_132' title='bbox 958 2046 1034 2082; x_wconf 87' lang='grc' dir='ltr'><em>ΚΛ</em></span> <span class='ocrx_word' id='word_1_133' title='bbox 1059 2050 1103 2099; x_wconf 78' lang='grc' dir='ltr'><em>τῇ</em></span> <span class='ocrx_word' id='word_1_134' title='bbox 1130 2046 1245 2095; x_wconf 93' lang='grc' dir='ltr'><strong><em>ΜΝ,</em></strong></span> <span class='ocrx_word' id='word_1_135' title='bbox 1271 2042 1296 2095; x_wconf 75' lang='grc' dir='ltr'><em>ἡ</em></span> <span class='ocrx_word' id='word_1_136' title='bbox 1322 2042 1363 2083; x_wconf 79' lang='grc' dir='ltr'><em>δὲ</em></span> <span class='ocrx_word' id='word_1_137' title='bbox 1384 2046 1460 2082; x_wconf 83' lang='grc' dir='ltr'><em>ΒΚ</em></span> 
     </span>
     <span class='ocr_line' id='line_1_17' title="bbox 90 2104 293 2157; baseline 0.015 -19"><span class='ocrx_word' id='word_1_138' title='bbox 90 2110 109 2138; x_wconf 81' lang='grc'>5</span> <span class='ocrx_word' id='word_1_139' title='bbox 136 2109 180 2157; x_wconf 76' lang='grc' dir='ltr'><em>τῇ</em></span> <span class='ocrx_word' id='word_1_140' title='bbox 207 2104 293 2141; x_wconf 89' lang='grc' dir='ltr'><em>ΝΔ.</em></span> 
     </span>
    </p>
   </div>
   <div class='ocr_carea' id='block_1_8' title="bbox 195 2193 579 2236">
    <p class='ocr_par' dir='ltr' id='par_1_11' title="bbox 195 2193 579 2236">
     <span class='ocr_line' id='line_1_18' title="bbox 195 2193 579 2236; baseline 0.003 -11"><span class='ocrx_word' id='word_1_141' title='bbox 195 2201 228 2226; x_wconf 76' lang='lat' dir='ltr'><em>a.</em></span> <span class='ocrx_word' id='word_1_142' title='bbox 268 2194 298 2225; x_wconf 83' lang='lat'><em>7.</em></span> <span class='ocrx_word' id='word_1_143' title='bbox 324 2193 411 2236; x_wconf 82' lang='lat' dir='ltr'><em>MA]</em></span> <span class='ocrx_word' id='word_1_144' title='bbox 437 2194 522 2226; x_wconf 84' lang='lat' dir='ltr'><em>MK</em></span> <span class='ocrx_word' id='word_1_145' title='bbox 546 2201 579 2226; x_wconf 75' lang='lat' dir='ltr'><em>a.</em></span> 
     </span>
    </p>
   </div>
   <div class='ocr_carea' id='block_1_9' title="bbox 1306 2252 1462 2259">
    <p class='ocr_par' dir='ltr' id='par_1_12' title="bbox 1306 2252 1462 2259">
     <span class='ocr_line' id='line_1_19' title="bbox 1306 2252 1462 2259; baseline 0 191"><span class='ocrx_word' id='word_1_146' title='bbox 1306 2252 1462 2259; x_wconf 95' lang='lat' dir='ltr'><em> </em></span> 
     </span>
    </p>
   </div>
   <div class='ocr_carea' id='block_1_10' title="bbox 192 2271 1400 2317">
    <p class='ocr_par' dir='ltr' id='par_1_13' title="bbox 192 2271 1400 2317">
     <span class='ocr_line' id='line_1_20' title="bbox 192 2271 1400 2317; baseline 0 -11"><span class='ocrx_word' id='word_1_147' title='bbox 192 2273 233 2307; x_wconf 87' lang='lat' dir='ltr'><em>In</em></span> <span class='ocrx_word' id='word_1_148' title='bbox 259 2273 319 2317; x_wconf 85' lang='lat' dir='ltr'><em>fig.</em></span> <span class='ocrx_word' id='word_1_149' title='bbox 346 2274 425 2309; x_wconf 82' lang='lat' dir='ltr'>eod.</span> <span class='ocrx_word' id='word_1_150' title='bbox 453 2273 479 2307; x_wconf 94' lang='lat' dir='ltr'>L</span> <span class='ocrx_word' id='word_1_151' title='bbox 505 2273 618 2308; x_wconf 75' lang='lat' dir='ltr'>altero</span> <span class='ocrx_word' id='word_1_152' title='bbox 648 2273 790 2308; x_wconf 82' lang='lat' dir='ltr'>zodiaci</span> <span class='ocrx_word' id='word_1_153' title='bbox 815 2272 950 2317; x_wconf 80' lang='lat' dir='ltr'>positio</span> <span class='ocrx_word' id='word_1_154' title='bbox 975 2273 1095 2316; x_wconf 72' lang='lat' dir='ltr'><strong>deest3</strong></span> <span class='ocrx_word' id='word_1_155' title='bbox 1120 2271 1191 2307; x_wconf 77' lang='lat' dir='ltr'><strong>litt.</strong></span> <span class='ocrx_word' id='word_1_156' title='bbox 1221 2274 1260 2307; x_wconf 84' lang='grc' dir='ltr'>Ψ</span> <span class='ocrx_word' id='word_1_157' title='bbox 1281 2282 1350 2307; x_wconf 87' lang='lat' dir='ltr'><em>om.</em></span> <span class='ocrx_word' id='word_1_158' title='bbox 1376 2271 1400 2307; x_wconf 92' lang='lat' dir='ltr'><em>l.</em></span> 
     </span>
    </p>
   </div>
  </div>
 </body>
</html>
