1494 2450
1428 0 1488 48 «γη

168 72 248 113 124
703 72 942 108 ΑΡΡΕΝΒΙΧ
1486 47 1489 70 ³

164 182 299 221 ΑΒΓ
328 196 398 221 και
433 179 637 234 τέμνουσι
669 180 749 222 δύο
779 179 973 235 μέγιστοι
1007 182 1159 224 κύκλοι
1193 182 1404 237 ἀλλήλους
1427 186 1494 247 ᾴῃ

161 248 303 295 ςΝΣ
330 247 408 286 ΡΟ
423 247 510 285 ΤΠ
548 246 621 286 καί
656 243 773 286 ἐστιν
811 244 833 287 ὁ
870 251 948 287 τοῦ
982 248 1117 288 ΑΒΓ
1148 248 1310 290 κύκλου
1348 238 1494 316 πόλᾲῃ

159 307 317 362 μεταξὺ
343 315 430 350 τῶν
457 311 610 362 ΑΔΕ,
637 310 719 350 ΚΛ
748 317 1049 363 περιφερειῶν,
1079 313 1233 364 μείζων
1259 313 1340 364 ἄρα
1364 306 1494 374 ἐσὴξ

160 374 185 427 ἡ
212 375 354 415 ΣΝΥ
382 372 635 427 περιφέρεια
668 379 743 427 τῆς
778 376 863 414 ΥΤ
889 377 1183 429 περιφερείας·
1233 376 1258 430 ἡ
1291 379 1371 417 ΤΥ
1399 378 1494 432 &pti

119 448 139 477 5
164 436 415 492 περιφέρεια
434 443 507 490 τῆς
531 440 620 478 ΤΝ
624 440 668 478 Σ
685 435 878 479 ἐλάσσων
898 437 1024 480 ἐστίν.
1054 437 1123 480 καὶ
1145 439 1234 481 ἐπεὶ
1254 438 1302 481 ἐν
1321 441 1494 499 σφαίρᾳς

162 502 242 544 δύο
268 500 462 555 μέγιστοι
487 502 639 543 κύκλοι
665 503 711 543 οἱ
732 504 876 555 ΑΒΓ,
895 505 935 544 Ε
944 505 1039 544 ΘΠ
1057 509 1134 544 τοῦ
1161 504 1296 546 αὐτοῦ
1321 505 1494 559 κύκλων.

162 565 425 620 ἐφάπτονται
455 571 533 607 τοῦ
561 568 699 607 ΑΔΕ
729 564 800 608 καὶ
831 571 891 622 τῷ
917 570 1049 608 ΑΔΕ
1078 568 1355 622 παράλληλον
1377 570 1494 614 ὄνωι

161 631 238 671 τὸν
266 632 348 672 ΚΛ
372 629 578 684 τέμνουσι
609 632 684 671 καί
705 629 825 672 ἐστιν
859 629 881 672 6
907 636 985 672 τοῦ
1011 634 1147 673 ΑΒΓ
1170 634 1303 681 πόλος
1326 630 1494 686 μετοιξῦΙ

160 702 247 736 τῶν
272 697 421 747 ΑΔΕ,
454 696 536 736 ΚΛ
568 695 758 746 κύκλων,
795 693 865 736 καὶ
900 694 922 736 ὁ
957 701 1034 736 τοῦ
1066 698 1208 738 ΕΘΠ
1237 697 1319 751 ἄρα
1351 696 1494 748 κόλακ’

93 770 136 800 10
160 757 318 811 μεταξύ
351 758 440 800 ἐστι
464 766 551 801 τῶν
576 762 723 812 ΑΔΕ,
750 760 833 801 ΚΛ
855 760 1036 801 κύκλων.
1086 759 1108 802 ὁ
1135 760 1216 814 ἄρα
1242 760 1382 816 ἕτερος
1406 759 1476 803 αὖ·

158 829 236 865 τοῦ
269 824 399 872 πόλος
434 821 522 865 ἐστὶ
557 822 712 876 μεταξὺ
746 830 833 864 τῶν
865 826 1018 877 ΗΖΘ,
1045 826 1132 865 ΒΓ
1160 825 1341 867 κύκλων.
1389 823 1476 869 ἐπεὶ

160 885 241 929 οὗν
273 885 320 929 ἐν
351 889 515 942 σφαίρᾳ
546 888 742 941 μέγιστος
766 887 923 936 κύκλος
949 885 1066 929 ἐστὶν
1091 887 1113 930 6
1140 892 1180 930 Ε
1189 892 1282 930 ΘΠ
1310 888 1379 931 καὶ
1404 890 1478 932 τὸν

159 954 302 994 ΕΘΠ
333 951 537 1006 τέμνουσι
575 953 656 993 δύο
692 950 886 1005 μέγιστοι
923 952 1075 994 κύκλοι
1114 954 1154 994 οἱ
1190 956 1338 1006 ΡΟΠ,
1364 951 1480 1001 §Nx

158 1017 232 1057 καί
260 1014 377 1058 ἐστιν
409 1015 431 1057 6
463 1022 541 1057 τοῦ
573 1018 714 1058 ΕΘΠ
747 1017 878 1065 πόλος
908 1015 1063 1068 μεταξὺ
1094 1024 1180 1059 τῶν
1213 1020 1305 1071 ΒΓ,
1329 1019 1477 1076 ΗΘΖ,

92 1091 132 1121 15
158 1082 315 1133 μείζων
341 1079 458 1122 ἐστὶν
482 1081 508 1134 ἡ
535 1083 583 1121 Π
590 1083 628 1120 Υ
654 1078 906 1135 περιφέρεια
936 1085 1010 1133 τῆς
1039 1080 1170 1128 TN&
1195 1084 1477 1136 περιφερείας,

160 1141 222 1186 ὧν
248 1145 273 1198 ἡ
305 1147 391 1185 ΥΤ
408 1150 482 1198 τῆς
512 1147 602 1186 ΥΝ
606 1147 650 1185 Σ
671 1143 866 1186 ἐλάσσων
890 1142 1030 1186 ἐστίν·
1081 1146 1207 1199 λοιπὴ
1233 1147 1318 1201 ἄρα
1342 1147 1367 1200 ἡ
1398 1148 1483 1191 ΤΠ-

159 1212 314 1262 λοιπῆς
339 1215 413 1262 τῆς
433 1207 520 1256 ΣΞ
541 1210 695 1261 μείζων
721 1207 848 1250 ἐστίν.
880 1209 1041 1250 κείσθω
1060 1215 1110 1263 τῇ
1132 1209 1217 1256 ΣΞ
1231 1211 1478 1267 περιφερείᾳ

159 1273 229 1326 ἴση
266 1272 521 1327 περιφέρεια
559 1274 584 1327 ἡ
630 1275 711 1314 ΤΧ
751 1271 822 1314 καὶ
859 1273 1182 1327 γεγράφθωσαν
1217 1274 1478 1328 παράλληλοι

156 1338 321 1390 κύκλοι,
355 1335 456 1378 καθ’
487 1332 550 1378 ὧν
573 1336 748 1392 φέρεται
771 1337 823 1378 τὰ
848 1335 887 1383 Ξ
926 1339 968 1377 Χ
992 1345 1156 1391 σημεῖα,
1182 1338 1222 1379 οὶ
1248 1336 1358 1390 ΞΨ,
1383 1339 1479 1386 Ωςθ

97 1411 140 1441 20
165 1400 292 1454 ὁμοία
323 1402 407 1455 ἄρα
433 1399 551 1443 ἐστὶν
575 1401 600 1455 ἡ
627 1399 726 1447 ΞΨ
750 1399 1002 1455 περιφέρεια
1031 1407 1081 1455 τῇ
1107 1401 1180 1442 ,Ως
1212 1403 1476 1459 περιφερείῷ

157 1465 183 1518 ἡ
209 1463 308 1512 ΞΨ
338 1466 420 1519 ἄρα
444 1471 518 1519 τῆς
543 1468 611 1509 Χς
644 1466 798 1517 μείζων
832 1463 951 1506 ἐστὶν
982 1465 1007 1519 ἢ
1038 1464 1186 1519 ὁμοία·
1235 1464 1478 1523 ἕνπλείω

157 1529 240 1582 ἄρα
270 1529 412 1585 χρόνῳ
442 1529 490 1570 τὸ
517 1526 556 1575 Ξ
587 1534 766 1582 σημεῖον
796 1528 875 1581 τὴν
900 1527 998 1575 ΞΨ
1023 1528 1301 1584 περιφέρειαν
1332 1529 1477 1573 διαποὲ

158 1593 326 1645 ρεύεται
351 1593 458 1647 ἥπερ
483 1593 531 1633 τὸ
559 1595 600 1633 Χ
619 1593 698 1646 τὴν
722 1594 804 1635 Χς.
836 1590 927 1634 ἀλλ’
959 1592 981 1634 6
1007 1591 1087 1647 μὲν
1111 1595 1280 1648 χρόνος,
1306 1593 1354 1635 ἐν
1377 1589 1411 1652 ᾧ
1429 1593 1477 1636 τὸ

214 2263 246 2296 2.
273 2262 399 2307 ςΝΣ]
425 2263 543 2296 ΒΝΣ
563 2261 645 2296 Vnt.
695 2266 726 2296 5.
758 2262 888 2306 ΥΝΣ]
913 2260 996 2296 add.
1022 2258 1256 2304 περιφερείας
1279 2272 1326 2295 m.
1352 2264 1372 2296 2
1393 2261 1424 2296 V

159 2312 211 2342 13.
238 2307 367 2354 ςΝΞ]
392 2309 508 2346 ΒΝΞ
530 2307 613 2342 Vat.
707 2312 759 2342 1⁷.
786 2307 926 2353 λοιπῆς]
953 2307 1036 2342 add.
1062 2318 1107 2342 m.
1134 2311 1154 2341 2
1180 2307 1260 2342 Vah.
