1494 2450
101 759 143 791 10

97 1081 139 1112 15

93 1401 136 1432 20

91 1722 134 1754 25

171 65 257 106 200
561 68 817 103 ΕΙΣΑΓῼΓΗ
836 70 1104 105 ΑΡΜΟΝΙΚΗ

169 171 311 214 πάντα
334 171 454 214 ἐστὶν
478 171 717 216 ἀσύνθετα’
750 174 908 229 ὁμοίως
932 174 980 218 δὲ
1005 175 1076 218 καὶ
1101 178 1152 219 τὰ
1177 178 1302 231 μείζω
1326 185 1404 222 τοῦ
1458 161 1481 234 ⁴¹*

169 238 302 278 τόνου
338 236 478 279 πάντα
515 238 719 280 σύνθετα.
781 239 806 292 ἡ
841 238 889 282 δὲ
921 245 1000 282 τοῦ
1034 241 1192 295 ῥητοῦ
1226 242 1298 284 καὶ
1333 242 1485 298 ἀλόγῳ

170 301 360 354 διαφορά
397 300 511 355 ἐστι,
548 299 647 344 καθ’
676 303 732 357 ἣν
769 311 856 345 τῶν
894 305 1192 359 διαστημάτων
1228 306 1254 348 ἃ
1289 304 1368 356 μὲν
1401 308 1486 356 ἐσ*

170 365 291 444 ῥητὰ,
317 364 343 406 ἃ
369 364 409 406 δ’
439 366 587 419 ἄλογα.
631 366 737 420 ῥητὰ
762 383 842 420 μεν
867 365 948 410 οὖν
973 366 1158 423 ἐστιν,
1131 386 1193 412 ων
1216 365 1311 412 οἷόν
1333 370 1382 413 τέ
1400 370 1486 427 ἐᾱᾲ

171 429 222 470 τὰ
246 428 410 483 μεγέθη
437 429 709 484 ἀποδιδόναι,
747 425 843 473 οἷον
867 433 1011 485 τόνον,
1042 433 1279 487 ἡμιτόνιον,
1304 433 1486 491 δίτονοῇ,

169 494 371 548 τρίτονον
411 493 482 535 καὶ
518 495 571 535 τὰ
609 494 751 547 ὅμοια·
800 495 936 549 άλογα
973 494 1021 538 δε
1055 498 1107 539 τὰ
1142 499 1487 553 παραλλάττοντα

168 563 303 598 ταῦτα
327 558 380 598 τὰ
403 556 566 612 μεγέθη
592 557 661 599 ἐπὶ
686 559 734 600 τὸ
759 559 944 612 μεῖζον
928 561 953 614 ἠ
981 560 1049 602 ἐπὶ
1074 562 1123 604 τὸ
1150 564 1326 604 ἐλαττον
1350 563 1487 623 ἀλόγῳ

169 620 258 662 τινὶ
282 621 470 674 μεγέθει.
1452 635 1473 677 ,ξ

228 684 265 726 6.
300 688 428 740 Γένη
456 685 507 727 δέ
529 685 620 728 ἐστι
644 688 742 742 τρία
767 688 819 729 τὰ
837 689 1138 744 προειρημένα.
1168 704 1256 732 παν
1274 707 1356 733 ουν
1374 693 1421 734 ἔσ
1487 731 1489 733 ,

168 749 298 804 μέλος
333 750 430 803 ἤτοι
468 751 716 793 διατονικὸν
750 751 776 806 ἢ
809 754 1079 807 χρωματικὸν
1112 753 1138 808 ἢ
1173 687 1487 812 ἑναρμόνιοντῖ

166 814 317 856 κοινὸν
341 813 367 868 ἢ
393 815 545 869 μικτὸν
571 814 616 857 ἐκ
640 817 820 858 τούτων.
851 817 1101 860 διατονικὸν
1124 816 1203 873 μὲν
1228 815 1310 860 οὖν
1334 818 1422 862 ἐστι
1439 819 1484 868 ib

165 884 216 933 τῇ
241 879 465 934 διατονικῇ
492 878 699 934 διαιρέσει
723 881 967 935 χρώμενον,
998 883 1270 936 χρωματικὸν
1294 883 1342 925 δὲ
1365 881 1412 926 τὸ
1435 888 1485 940 ἡ

165 949 425 998 χρωματικῇ,
450 942 713 997 ἐναρμόνιον
739 942 787 986 δὲ
812 943 861 986 τὸ
886 951 937 1000 τῇ
964 944 1218 1003 ἐναρμονίῳ.
1266 945 1416 989 κοινὸν
1438 946 1486 997 δὲ

165 1005 212 1048 τὸ
240 1006 286 1048 ἐκ
311 1014 398 1048 τῶν
423 1005 621 1050 ἑστώτων
646 1011 943 1064 συγκείμενον,
960 1009 1114 1064 μικτὸν
1141 1011 1188 1052 δὲ
1211 1011 1274 1064 τό,
1293 1010 1342 1053 ἐν
1359 1005 1484 1068 ᾧδύο

164 1069 190 1124 ἢ
216 1077 330 1125 τρεῖς
353 1078 616 1127 χαρακτῆρες
640 1072 807 1126 γενικοὶ
832 1071 1131 1128 ἐμφαίνονται,
1163 1069 1259 1116 οἷον
1283 1076 1483 1123 διατόνου

163 1134 235 1176 καὶ
260 1133 486 1189 χρώματος
509 1135 535 1190 ἢ
561 1137 766 1178 διατόνου
792 1136 864 1178 καὶ
889 1137 1098 1192 ἁρμονίας
1123 1139 1149 1193 ἢ
1173 1140 1392 1194 χρώματος
1415 1137 1483 1185 καὶ

164 1199 373 1254 ἁρμονίας
409 1199 435 1252 ἢ
473 1199 546 1242 καὶ
578 1201 784 1243 διατόνου
814 1199 886 1243 καὶ
916 1203 1137 1256 χρώματος
1167 1201 1238 1244 καὶ
1269 1202 1482 1258 ἁρμονίας.

163 1264 360 1316 γίνονται
390 1261 439 1305 δὲ
470 1265 519 1306 αἱ
545 1272 635 1306 τῶν
665 1272 805 1318 γενῶν
837 1265 1045 1319 διαφοραὶ
1075 1267 1190 1321 παρὰ
1215 1268 1317 1316 τοὺς
1339 1282 1483 1310 κινουφ

161 1326 319 1379 μένους
341 1334 430 1369 τῶν
455 1330 685 1382 φθόγγων·
716 1335 898 1371 κινεῖται
923 1327 971 1371 δὲ
995 1329 1021 1383 ἡ
1045 1330 1126 1383 μὲν
1151 1329 1324 1385 λιχανὸς
1349 1330 1397 1373 ἐν
1419 1341 1483 1374 τοί·

161 1392 287 1448 νιαίῳ
306 1392 436 1448 τόπῳ,
454 1391 480 1445 ἡ
502 1391 549 1434 δὲ
568 1392 797 1447 παρυπάτη
818 1391 866 1435 ἐν
886 1393 1090 1450 διεσιαίῳ.
1117 1393 1293 1448 λιχανός
1311 1392 1390 1448 μὲν
1403 1390 1483 1439 οὖν

162 1454 280 1497 ἐστιν
314 1454 496 1510 ὀξυτάτη
527 1457 553 1510 ἡ
583 1458 715 1498 τόνον
746 1455 829 1498 ἀπὸ
861 1463 939 1499 τοῦ
971 1456 1119 1512 ἑτέρου
1150 1457 1368 1513 ἀπέχουσα
1397 1465 1482 1506 τῶν

161 1518 209 1560 τὸ
241 1520 533 1574 τετράχορδον
565 1522 868 1575 περιεχόντων,
902 1522 1120 1576 βαρυτάτη
1155 1522 1203 1564 δὲ
1236 1523 1262 1577 ἡ
1297 1523 1481 1568 &novom

162 1583 319 1636 ὁμοίως
353 1582 401 1626 δὲ
435 1583 506 1626 καὶ
539 1585 768 1639 παρυπάτη
803 1584 894 1627 ἐστὶ
926 1586 1146 1640 βαρυτάτη
1177 1585 1256 1640 μὲν
1286 1587 1312 1640 ἡ
1344 1587 1482 1632 δίεσιν

160 1647 243 1689 ἀπὸ
280 1654 360 1690 τοῦ
397 1647 640 1703 βαρυτέρου
677 1654 764 1690 τῶν
800 1648 848 1689 τὸ
879 1648 1168 1727 τετράχορδον
1196 1651 1483 1704 περιεχόντων

160 1710 393 1766 ἀπέχουσα,
418 1711 600 1765 ὀξυτάτη
627 1711 674 1753 δὲ
699 1710 724 1764 ἡ
751 1712 976 1766 ἡμιτόνιον
1001 1711 1229 1766 ἀπέχουσα.

219 1776 256 1817 7.
288 1777 427 1829 Χρόα
458 1775 510 1817 δέ
537 1775 626 1819 ἐστι
658 1775 813 1829 γένους
843 1776 980 1830 εἰδικὴ
1013 1777 1231 1830 διαίρεσις.
1281 1779 1403 1832 χρόαι
1434 1769 1485 1827 63

160 1840 271 1881 εἰσιν
296 1840 344 1881 αἱ
366 1838 490 1895 ρηταὶ
514 1840 586 1881 καὶ
609 1840 822 1894 γνώριμοι
842 1839 896 1891 ε’,ξ
923 1840 1131 1895 ἀρμονιας
1149 1842 1238 1895 μία,
1262 1843 1483 1897 χρώματος

158 1910 286 1958 τρεῖς,
312 1904 518 1946 διατόνου
545 1905 636 1946 δύο.

216 1975 247 2007 1.
274 1970 422 2018 ὁμοίως]
448 1972 600 2016 ἔμπαλιν
624 1964 701 2006 W.
717 1965 729 1967 ν
758 1965 805 2006 7.
829 1973 876 2007 τά
895 1993 937 1998 -
958 1976 989 2007 8.
1014 1986 1087 2008 τινι
1125 1977 1175 2020 τῷ
1180 1966 1251 2008 W.
1303 1966 1368 2008 9.
1372 1936 1480 2057 {of}

159 2018 226 2052 εἰσι
250 2018 309 2052 W.
451 2018 711 2065 προειρημένα]
743 2030 816 2063 seq.
845 2019 914 2054 lac.
940 2022 1053 2054 2.—.3
1100 2010 1160 2054 itt?
1189 2022 1227 2054 et
1257 2019 1439 2064 deindep

157 2064 267 2100 titulo
291 2065 332 2099 in
356 2066 473 2099 textu:
499 2066 582 2109 περὶ
607 2065 735 2109 μέλους
762 2065 816 2100 W.
907 2069 960 2101 14.
986 2065 1026 2101 τό
1052 2067 1117 2110 (pr.
1121 2066 1148 2112 )]
1174 2064 1214 2101 τὸ
1239 2066 1279 2101 τό
1299 2066 1355 2101 W.
1393 2033 1481 2103 Posi

158 2110 318 2146 ἑστώτων
344 2111 427 2146 add.
448 2110 629 2156 φθόγγων
655 2111 711 2147 W.
803 2115 855 2146 16.
882 2111 1075 2170 ἁρμονίας]
1100 2126 1143 2153 ας
1168 2112 1206 2147 in
1229 2123 1299 2147 ras.
1318 2114 1366 2156 M,
1390 2113 1480 2159 item]

158 2157 221 2192 lin.
250 2161 302 2193 17.
329 2159 562 2202 (utrumque).
748 2162 800 2194 19.
832 2158 920 2194 Post
948 2158 1127 2203 φθόγγων
1152 2159 1235 2194 add.
1261 2158 1396 2200 τόπους
1420 2157 1494 2202 W.

158 2208 214 2238 20.
241 2203 435 2262 διεσιαίῳ]
444 2205 509 2247 M‘,
535 2203 688 2250 &slotoelm
707 2205 772 2247 M¹
798 2204 903 2252 δεσίῳ
929 2204 986 2239 W.
1054 2172 1122 2240 y.21
1141 2204 1287 2263 ἑτέρου]
1308 2205 1494 2248 ὀξυτέρου

157 2250 222 2292 M⁴,
250 2249 372 2293 ἑτέρου
395 2250 505 2286 τόνου
525 2252 582 2285 W.
667 2256 721 2286 22.
746 2240 1072 2297 τετραχόρδωνᾞ.
1111 2250 1175 2298 diss
1185 2264 1293 2288 τονον
1317 2253 1363 2294 Μ,
1389 2252 1494 2292 stem]

157 2308 193 2344 p.
214 2300 280 2331 202
306 2297 369 2331 lin.
390 2301 420 2332 3.
494 2301 549 2332 23.
577 2296 652 2347 καί]
680 2309 749 2335 om
774 2298 826 2332 W.
866 2298 983 2336 δίεσιν
1009 2318 1052 2325 -
1079 2302 1134 2336 25.
1159 2255 1345 2346 κατέχουσα
1355 2279 1494 2354 (alt.)]¹

1490 2360 1494 2450 i
