1494 2450
139 52 224 92 242
654 54 954 91 FRAGMENTA

195 157 286 199 XV.
313 159 379 200 ὅτι
403 160 502 202 τόδε
528 161 577 202 τὸ
604 163 766 216 χωρίον
790 161 815 216 ἢ
841 164 944 205 τόδε
968 165 1074 217 μετὰ
1098 165 1308 217 δοθέντος
1335 169 1411 222 λόγ
1432 138 1450 144 v
1489 144 1494 178 'j

138 220 224 276 ἔχει
250 223 358 276 πρὸς
383 223 616 278 ἀποτομήν.
1442 236 1447 251 ³
1480 252 1481 255 ¹

194 297 305 339 XVI.
333 298 398 340 ὅτι
425 301 552 353 λόγος
576 306 654 342 τοῦ
679 301 764 344 ὑπὸ
789 303 928 345 τῶνδε
952 305 1060 359 πρὸς
1084 304 1315 360 ἀποτομήν.

194 372 327 415 XVII.
365 375 430 416 ὅτι
462 377 590 429 λόγος
621 383 699 418 τοῦ
730 377 815 420 ὑπὸ
847 379 1188 434 συναμφοτέρων
1223 383 1361 424 τῶνδε
1390 356 1494 502 κοὰξ4

90 447 110 477 5
137 438 483 494 συναμφοτέρων
507 441 646 482 τῶνδε
670 441 778 493 πρὸς
802 441 1034 497 ἀποτομήν.
1457 456 1459 458 ’

194 512 350 555 XVIII.
377 514 443 556 ὅτι
467 515 515 557 τὸ
541 515 626 557 ὑπὸ
652 517 782 570 τῆσδε
806 517 876 558 καὶ
903 519 1236 574 συναμφοτέρου
1263 521 1393 574 τῆσδε
1416 480 1490 581 τεῗξ

135 576 205 619 καὶ
237 593 324 632 της,
356 579 463 633 πρὸς
494 580 549 634 ἣν
579 580 656 634 ἥδε
688 583 819 634 λόγον
849 579 936 636 ἔχει
968 583 1175 637 δοθέντα,
1209 585 1279 626 καὶ
1304 585 1352 626 τὸ
1376 573 1494 676 ὑπὸγέ

134 643 263 695 τῆσδε
288 641 360 684 καὶ
385 649 472 697 τῆς,
497 645 605 699 πρὸς
630 645 687 699 ἣν
716 646 793 700 ἥδε
825 644 1002 699 λόγον”
979 662 1066 701 εχει
1092 647 1299 703 δοθέντα,
1331 650 1486 732 λόγονέ

134 703 219 760 ἔχει
244 708 354 760 πρὸς
380 707 1494 763 ἀποτομήν.

65 791 108 821 10
191 781 303 823 XIX.
331 783 397 825 ὅτι
428 786 557 838 λόγος
588 785 921 840 συναμφοτέρου
954 788 1063 841 πρός
1093 802 1187 828 τινα
1218 787 1301 830 ἀπὸ
1333 774 1494 848 τοῦδε]ζ

132 845 211 895 ἕως
237 846 459 896 δοθέντος.

190 921 281 962 ΧΧ.
308 922 374 964 ὅτι
400 921 538 965 δοθὲν
562 925 610 966 τὸ
636 925 722 967 ὑπὸ
748 926 896 967 τῶνδε.

184 982 260 1028 Ἐν
286 984 333 1028 δὲ
358 991 417 1043 τῷ
443 988 571 1044 τρίτῳ
591 990 744 1045 βιβλίῳ
765 989 809 1031 αἱ
827 989 907 1043 μὲν
926 991 1121 1040 πλείονες
1139 991 1372 1040 ὑποθέσεις
1392 990 1459 1034 ἐπὶ
1479 1000 1485 1039 j

132 1051 400 1104 ἡμικυκλίων
432 1053 561 1106 εἰσίν,
593 1052 734 1106 ὀλίγαι
766 1053 814 1095 δὲ
839 1052 908 1095 ἐπὶ
933 1055 1095 1096 κύκλου
1121 1053 1192 1096 καὶ
1217 1054 1458 1109 τμημάτων,
1478 1101 1482 1111 2

64 1123 105 1154 15
131 1121 218 1155 τῶν
245 1112 293 1155 δὲ
319 1115 590 1169 ζητουμένων
614 1117 666 1158 τὰ
689 1114 770 1170 μὲν
793 1119 932 1159 πολλὰ
962 1120 1238 1173 παραπλήσια
1268 1125 1359 1169 τοῖς
1388 1116 1481 1173 ἔμ-,

131 1181 342 1232 προσθεν,
366 1180 549 1233 περισσὰ
576 1180 624 1221 δὲ
648 1187 798 1222 ταῦτα·

189 1253 302 1294 ΧΧΙ.
328 1254 394 1295 ὅτι
419 1256 547 1308 λόγος
571 1262 650 1297 τοῦ
675 1256 760 1298 ὑπὸ
785 1258 924 1299 τῶνδε
948 1258 1057 1311 πρὸς
1081 1259 1129 1300 τὸ
1155 1258 1239 1300 ὑπὸ
1265 1259 1414 1301 τῶνδε.

188 1327 324 1371 ΧΧΠ.
349 1330 415 1371 ὅτι
441 1332 569 1383 λόγος
592 1337 671 1373 τοῦ
697 1331 780 1374 ἀπὸ
805 1334 935 1386 τῆσδε
959 1333 1067 1387 πρὸς
1091 1333 1322 1388 ἀποτομήν.
1479 1385 1482 1387 ‚

188 1403 343 1446 XXIII.
378 1405 443 1447 ὅτι
474 1406 522 1447 τὸ
554 1406 639 1448 ὑπὸ
670 1409 808 1450 τῶνδε
839 1414 897 1464 τῷ
930 1408 1015 1450 ὑπὸ
1049 1410 1253 1464 δοθείσης
1283 1410 1353 1451 καὶ
1383 1411 1484 1467 τῆςζ

61 1479 104 1511 20
131 1468 213 1510 ἀπὸ
246 1469 375 1510 τοῦδε
400 1469 479 1519 ἕως
505 1471 729 1521 δοθέντος.
1478 1476 1490 1490 ²

189 1543 341 1586 XXIV.
367 1545 432 1587 ότι
457 1547 505 1587 τὸ
534 1546 619 1589 ἀπὸ
650 1549 779 1601 τῆσδε
811 1551 870 1605 τῷ
896 1548 981 1590 ὑπὸ
1014 1548 1219 1603 δοθείσης
1250 1548 1321 1590 καὶ
1353 1548 1455 1591 ἀπο-

130 1607 456 1663 λαμβανομένης
480 1610 564 1651 ὑπὸ
590 1610 779 1654 καθέτου
806 1611 884 1661 ἕως
909 1611 1129 1662 δοθέ.ντος

186 1683 319 1726 XXV.
345 1684 410 1726 ὅτι
437 1688 764 1742 συναμφότερος
789 1688 867 1740 ἥδε
892 1688 963 1730 καὶ
993 1689 1100 1766 πρὸς
1131 1687 1185 1742 ἣν
1215 1688 1291 1743 ἣδε
1322 1691 1494 1771 λόγονῆ

129 1751 214 1803 ἔχει
240 1749 430 1792 δοθέντα
456 1752 588 1804 λόγον
612 1748 699 1805 ἔχει
724 1752 830 1807 πρὸς
855 1767 1087 1806 αποτομην.
1474 1769 1491 1792 z

59 1834 102 1864 25
187 1824 340 1866 XXVI.
373 1825 438 1867 ὅτι
469 1823 589 1867 ἔστιν
625 1841 666 1867 τι
698 1824 834 1868 δοθὲν
867 1833 1063 1881 σημεῖον,
1101 1824 1174 1881 ἀφ’
1205 1824 1258 1870 οὗ
1289 1828 1333 1869 αἱ
1364 1826 1494 1891 ἐπι-ἓ

129 1890 411 1942 ζευγνύμεναι
437 1888 507 1931 ἐπὶ
531 1891 688 1932 τούσδε
714 1885 851 1933 δοθεν
874 1890 1118 1946 περιέξουσι
1143 1894 1200 1932 τῶ
1228 1890 1332 1933 εἴδει
1364 1888 1490 1947 τρί
1490 1925 1494 1930 .

128 1968 284 2005 γωνον.

184 2027 360 2070 XXVII.
395 2028 462 2070 ὅτι
493 2031 612 2071 ἔστιν
643 2045 682 2071 τι
709 2028 846 2072 δοθὲν
880 2037 1077 2084 σημεῖον,
1108 2027 1183 2083 ἀφ’
1213 2026 1266 2071 οὗ
1291 2031 1336 2072 αἱ
1362 2030 1451 2072 ἐπι-
1484 2079 1494 2085 ,-

128 2093 410 2147 ζευγνύμεναι
436 2093 505 2135 ἐπὶ
530 2094 655 2135 τόνδε
675 2098 770 2143 ἴσας
789 2093 1145 2147 ἀπολαμβάνουσι
1164 2096 1450 2147 περιφερείας.
1492 2116 1494 2119 ·

188 2239 240 2269 11.
267 2234 457 2280 δοθέντος]
483 2235 662 2277 δοθέντος
687 2236 875 2281 ἀποτομήν
906 2236 1110 2280 suspicatur
1134 2237 1298 2272 Hultsch.

129 2285 182 2316 15.
208 2281 460 2329 παραπλήσια]
484 2281 744 2327 παραπλησίως
769 2283 860 2326 cod.‚
885 2282 1052 2319 Hultsch.
