1494 2450
362 54 565 91 SCHOLIA
589 54 641 89 IN
666 50 1008 89 PHAENOMENA
1275 48 1356 90 137

68 167 192 223 μείου
222 166 298 215 τὰς
328 164 464 221 ἀρχὰς
493 171 584 206 τῶν
615 163 784 221 ζῳδίων
814 167 895 204 τοῦ
921 161 1150 217 Καρκίνου
1182 158 1255 201 καὶ
1281 164 1361 201 τοῦ

14 225 43 286 :¹
66 247 203 282 οντος
247 230 604 284 ἀνατελλούσας,-
637 228 688 279 ἃς
731 227 866 284 ἀρχὰς
909 226 1117 282 βούλεται
1153 223 1227 267 καὶ
1263 239 1362 265 κατ-

15 291 57 336 ²...
73 297 216 340 τεύειν
227 296 306 339 τὸν
320 296 552 376 διορῶντα.
578 300 710 336 τοῦτο
730 295 886 336 τοίνυν
905 292 978 335 καὶ
998 289 1068 334 ἐπὶ
1088 297 1177 334 τῶν
1190 290 1365 332 δύσεων

23 354 24 357 ¹
42 370 104 407 ὢν
134 362 310 420 {qadim-‚v
359 361 444 403 κᾶν
478 360 562 417 γὰρ
599 358 669 402 ἐπὶ
705 364 785 402 τοῦ
822 357 959 401 αὐτοῦ
992 357 1064 400 καὶ
1099 355 1198 406 ἑνὸς
1228 356 1365 398 τόπου

11 429 234 486 -ιρίζοντος
265 428 486 483 τμήματος
517 425 589 468 ὅτε
614 423 742 468 Λέων
773 423 844 466 καὶ
878 422 901 466 ὁ
925 424 1151 505 Καρκίνος
1178 421 1366 463 δύνουσι

27 517 61 532 ν
77 492 252 536 ’ἄλλου
286 491 359 535 καὶ
395 493 533 535 ἄλλου
570 493 769 546 σημείου,
805 490 882 540 τὰς
913 488 1048 545 ἀρχὰς
1078 487 1150 531 καὶ
1181 486 1235 529 τὰ
1265 485 1366 540 τέλη

10 567 34 602 i·
57 559 163 603 ’τῶν
193 558 438 615 κρύπτουσι
469 558 522 600 τὰ
554 554 698 615 ζῴδια.
743 552 857 598 ἔνθα
882 554 963 610 μὲν
987 554 1071 610 γὰρ
1098 552 1124 608 ἡ
1151 552 1261 608 ἀρχὴ
1287 557 1368 594 τοῦ

21 623 219 679 Λέοντος,
245 624 369 667 δύνει
396 622 534 666 ἐκεῖσε
561 622 609 665 τὸ
635 620 759 672 τέλος
784 626 863 663 τοῦ
894 621 1142 676 Καρκίνου·
1177 616 1290 661 ἔνθα
1319 616 1370 659 δὲ

20 690 66 735 τὸ
84 689 204 740 τέλος
223 695 302 733 τοῦ
315 687 522 744 Λέοντος,
549 687 687 731 ἐκεῖσε
707 687 733 742 ἡ
755 693 834 729 τοῦ
855 687 1086 740 Καρκίνου
1106 683 1217 740 ἀρχή
1238 682 1367 726 ἐστιν.

9 763 11 810 j
75 756 143 799 23.
179 754 444 798 ᾍνατέλλων
474 769 513 810 p.
538 752 653 809 12,1]
690 752 830 808 ἀρχὴν
861 752 1127 805 ποιούμενος
1158 755 1233 804 τῆς
1265 748 1369 791 ἀνα-

25 823 158 875 τολῆς.

6 889 11 957 ἒ
79 885 147 928 24.
178 885 344 928 Δύνων
369 901 409 941 p.
432 885 546 938 123]
576 883 715 941 ἀρχὴν
739 884 1004 939 ποιούμενος
1029 887 1104 937 τῆς
1130 881 1310 931 δύσεως.

529 1014 604 1058 Ad
635 1030 772 1071 prop.
798 1013 850 1057 ΙΙ.

78 1099 145 1142 25.
176 1099 245 1143 Ad
269 1100 340 1156 fig.
366 1115 405 1155 p.
429 1099 484 1141 14
509 1097 555 1142 Ὁ
580 1101 715 1149 πόλος
743 1104 822 1141 τοῦ
850 1098 1074 1154 ὁρίζοντος
1100 1096 1148 1139 ἐν
1172 1097 1284 1153 τῷδε
1310 1100 1370 1152 τῷ

5 1165 309 1222 διαγράμματι
338 1163 499 1220 μεταξύ
526 1163 617 1208 ἐστι
644 1170 723 1207 τοῦ
750 1168 938 1219 θερινοῦ
964 1169 1177 1219 τροπικοῦ
1203 1160 1276 1204 καὶ
1303 1160 1370 1204 ἀεὶ

5 1237 215 1287 φανεροῦ
240 1232 405 1274 κύκλου
431 1231 540 1273 κατὰ
565 1231 614 1273 τὸ
641 1232 680 1271 Ρ
702 1236 894 1285 σημεῖον.

4 1340 12 1355 Ἰ,
78 1296 146 1339 26.
177 1295 222 1339 P.
246 1296 390 1352 12,14]
422 1298 499 1351 μία
529 1298 697 1351 κόσμου
729 1295 951 1351 περιφορά
983 1293 1075 1337 ἐστι
1106 1294 1155 1337 τὸ
1182 1293 1266 1337 ἀπὸ
1293 1300 1372 1336 τοῦ

3 1382 5 1387 ⁴
25 1361 157 1404 αὐτοῦ
183 1361 253 1404 ἐπὶ
277 1362 326 1404 τὸ
353 1361 460 1404 αὐτὸ
487 1368 668 1417 σημεῖον
693 1362 774 1416 τὴν
799 1361 976 1415 κίνησιν
1003 1359 1191 1416 φθάσαι.

3 1467 5 1485 2
81 1428 147 1469 27.
186 1429 270 1483 Τῆς
301 1428 491 1483 σφαίρας
523 1427 652 1470 πόλοι
684 1428 888 1480 λέγονται
913 1428 966 1469 τὰ
991 1425 1100 1482 μέρη
1128 1425 1292 1480 ἐκεῖνα,
1325 1425 1373 1467 ἐν

3 1484 88 1543 οἷς
114 1491 137 1535 ὁ
162 1490 278 1543 ἄξων
303 1492 438 1547 αὐτῆς
463 1492 718 1547 στρέφεται·
763 1492 929 1535 κύκλου
963 1489 1011 1534 δὲ
1042 1493 1177 1542 πόλος
1203 1490 1372 1546 λέγεται

26 1558 201 1613 σημεῖόν
225 1574 266 1600 τι
293 1556 362 1600 ἐπὶ
389 1564 463 1613 τῆς
489 1556 748 1613 ἐπιφανείας
773 1564 850 1613 τῆς
875 1560 1077 1613 σφαίρας.

1 1662 4 1670 ,
82 1622 150 1665 28.
171 1620 305 1666 Ὅταν
328 1629 581 1679 μεσουρανῇ
606 1624 658 1666 τὰ
685 1624 885 1678 τροπικά,
917 1622 1145 1666 τουτέστιν
1172 1622 1278 1665 ὅταν
1305 1622 1374 1664 ἐπὶ

1 1686 3 1722 ἶ
26 1693 103 1730 τοῦ
127 1690 426 1745 μεσημβρινοῦ
451 1688 677 1744 γένωνται.

1 1751 11 1762 ”
83 1753 150 1796 29.
171 1750 305 1810 Ὅπερ
332 1753 452 1797 ἐστὶν
471 1753 555 1797 ἀπὸ
575 1761 652 1810 τῆς
671 1754 811 1811 ὀρθῆς
832 1756 1023 1810 σφαίρας
1043 1754 1166 1810 ἄχρις
1182 1755 1374 1808 Συήνης.

83 1817 150 1861 30.
177 1815 271 1862 Ἐπὶ
303 1825 379 1874 τῆς
410 1818 619 1875 ἡμετέρας
650 1820 735 1875 ἄρα
767 1820 976 1875 οἰκήσεως
1010 1818 1223 1862 οὐδέποτε
1250 1818 1272 1861 ὁ
1299 1821 1375 1876 ζῳ-

29 1879 174 1957 διακὸς
198 1884 308 1941 πρὸς
332 1885 412 1927 τὸν
438 1883 639 1939 ὁρίζοντα
664 1883 785 1927 ἐστιν
810 1884 958 1941 ὀρθός.

85 1947 152 1991 31.
183 1949 364 2001 Μεταξύ
384 1965 424 2006 p.
448 1949 502 1992 12
504 1950 593 2005 ,18]
619 1951 717 2005 ἤτοι
736 1956 816 1992 τοῦ
835 1954 1025 2005 θερινοῦ
1044 1955 1258 2006 τροπικοῦ
1278 1949 1376 2003 ἤτοι

30 2019 107 2056 ποῦ
131 2015 340 2069 μεγίστου
365 2022 455 2058 τῶν
480 2014 548 2058 ἀεὶ
574 2023 801 2120 φανερῶν6
805 2016 902 2069 ἤτοι
928 2022 1018 2057 τῶν
1044 2014 1274 2119 ἀρκτικ2ῶν.

43 2119 45 2121 ,
87 2086 140 2118 23.
166 2083 227 2119 V‘.
314 2088 370 2119 24
396 2084 459 2120 V’.
539 2088 595 2120 25.
622 2085 681 2120 V·.
805 2085 931 2120 .¹Vat
946 2084 1004 2130 Cp
1010 2084 1112 2120 ’sta
1271 2085 1374 2120 vav.

31 2131 84 2165 28.
108 2130 372 2177 Vat²BDM⁸p
378 2131 402 2168 ¹.
441 2136 497 2168 29.
524 2132 721 2178 Vat¹Bp².
756 2089 828 2168 2390.
855 2131 1082 2178 BCM'qsx
1134 2135 1189 2167 31.
1188 2088 1344 2178 2Vaiz’p

30 2178 234 2186 *-—

85 2191 120 2225 2.
151 2182 1376 2238 hamum

30 2235 69 2272 et
89 2235 152 2272 lin.
173 2240 195 2272 8
218 2239 303 2283 ponii
327 2238 443 2275 ἐκεῖσε
471 2238 512 2275 V.
564 2243 596 2276 7.
623 2240 763 2287 αὐτῶν]
790 2252 858 2285 sup
860 2251 902 2275 ra
926 2239 989 2275 Vl.
1046 2243 1077 2275 8.
1105 2237 1159 2286 δέ]
1186 2239 1328 2275 addidi.

30 2285 66 2377 ἒ
87 2284 228 2368 ξιὲτιέἐῃ
225 2296 306 2379 01111)
320 2285 345 2321 l.
486 2290 540 2323 16.
567 2287 619 2334 Ρ]
643 2287 717 2323 litt
743 2289 800 2323 ost
824 2287 886 2334 fig.
912 2287 1139 2333 depravatae
1164 2288 1244 2322 eod.
1271 2286 1304 2321 V
1329 2288 1374 2333 (v.

1398 759 1439 790 10

1399 1167 1440 1197 15

1401 1500 1444 1531 20

1401 1827 1445 1859 25
