1494 2450
78 760 121 790 10

80 1624 122 1655 10

81 1917 120 1946 15

150 68 205 109 70
649 70 955 103 ΦΑΙΝΟΜΕΝΑ

146 175 172 228 ἡ
197 174 353 229 μεταξὺ
385 181 462 216 τοῦ
494 190 538 217 τε
569 181 762 229 φανεροῦ
786 175 924 217 πόλου
949 173 1022 216 καὶ
1047 181 1124 216 τοῦ
1149 177 1352 229 μεγίστου
1382 183 1494 219 τῶν

146 240 445 293 παραλλήλων,
471 239 649 288 ἀνίσους
674 239 972 293 ἀπολήψονται
996 240 1271 294 περιφερείας
1294 245 1372 281 τοῦ
1397 255 1467 294 με·

146 305 298 356 γίστου
342 311 429 344 τῶν
471 305 757 358 παραλλήλων
798 303 970 345 κύκλων
1005 304 1079 353 τὰς
1115 304 1272 358 μεταξὺ
1309 303 1494 345 αὐτῶν·’

145 369 301 420 μείζων
332 368 415 422 ἄρα
448 367 564 410 ἐστὶν
588 368 614 421 ἡ
639 365 719 420 μὲν
744 369 832 409 ΒΦ
855 367 1109 422 περιφέρεια
1133 373 1208 421 τῆς
1237 369 1339 420 ΦΧ,
1369 367 1395 421 ἡ
1421 364 1468 409 δὲ
1492 375 1494 377 ’

149 435 241 472 ΦΧ
266 437 341 485 τῆς
374 435 476 473 ΧΗ·
527 432 575 474 ἐν
610 434 778 473 πλειόνι
817 431 899 486 ἄρα
935 433 1076 487 χρόνῳ
1114 430 1162 473 τὸ
1199 434 1239 473 Φ
1273 431 1353 486 τὴν
1387 433 1468 473 ΦΒ

148 494 374 550 διέρχεται,
401 497 507 549 ἥπερ
535 493 582 536 τὸ
609 498 652 537 Χ
672 496 751 549 τὴν
779 498 870 537 ΦΧ
890 494 1119 550 διέρχεται·
1158 493 1206 536 ἐν
1229 498 1396 537 πλείονι
1422 493 1470 537 δε

146 561 292 638 χρόνῳ
320 558 367 601 τὸ
396 562 437 601 Χ
465 561 545 613 τὴν
580 562 669 601 ΦΧ
695 560 802 613 ἥπερ
834 558 881 601 τὸ
909 562 959 600 Η
983 560 1062 613 τὴν
1087 562 1191 601 ΗΧ·
1235 556 1326 600 ἀλλ’
1357 559 1405 601 ἐν
1435 575 1468 615 ῳ

146 621 225 677 μὲν
250 622 298 664 τὸ
324 626 363 665 Φ
387 625 465 677 τὴν
489 626 572 665 ΦΒ
594 622 820 679 διέρχεται,
845 623 871 677 ἡ
893 626 974 665 ΘΑ
1000 623 1136 677 δύνει,
1162 621 1210 665 ἐν
1235 618 1268 679 ᾧ
1294 620 1340 665 δε
1365 621 1413 665 τὸ
1433 602 1475 665 Χ

146 688 225 741 τὴν
253 690 339 728 ΧΦ
364 687 591 742 διέρχεται,
616 688 642 742 ἡ
671 690 756 730 ΘΚ
781 688 917 741 δύνει,
943 683 1043 729 ἐν
1016 704 1049 744 ῳ
1069 687 1117 729 δὲ
1141 686 1189 728 τὸ
1215 666 1266 729 Η
1283 687 1363 741 τὴν
1382 690 1476 729 ΗΧ

147 751 374 806 διέρχεται,
408 753 433 806 ἡ
460 754 556 794 ΗΚ
588 753 726 794 δύνει·
772 750 819 794 ἐν
849 752 1015 793 πλείονι
1046 752 1129 804 ἄρα
1160 753 1301 808 χρόνῳ
1333 752 1358 805 ἡ
1391 749 1470 804 μὲν

146 819 236 858 ΑΘ
261 823 334 870 τῆς
362 818 445 857 ΚΘ
471 816 608 869 δύνει,
634 816 659 870 ἡ
685 814 732 858 δὲ
762 818 848 857 ΘΚ
870 821 944 869 τῆς
970 818 1074 857 ΚΗ.

205 880 315 935 λέγω
353 881 421 934 δή,
459 880 524 921 ὅτι
562 879 633 922 καὶ
672 880 719 922 ἐν
758 884 835 936 ἴσῳ
875 881 1015 937 χρόνῳ
1053 881 1267 922 δύνουσιν
1298 881 1342 922 αὶ
1374 884 1470 922 ἴσον

146 944 385 999 ἀπέχουσαι
416 951 493 986 τοῦ
527 945 790 999 ἰσημερινοῦ.
841 941 1195 999 μετακεκινήσθω
1228 944 1309 999 γὰρ
1336 944 1358 986 ὁ
1384 951 1471 986 τῶν

147 1093 192 1142 τῇ
218 1085 291 1136 εΞ,
317 1083 397 1125 ἀλλ’
421 1084 445 1138 ἡ
474 1090 542 1126 ΡΛ
566 1094 612 1142 τῇ
638 1088 711 1138 Ηβ
736 1085 836 1126 ἐστιν
862 1084 987 1138 ὁμοία,
1013 1085 1076 1126 καὶ
1102 1084 1126 1137 ἡ
1152 1088 1224 1138 Ηβ
1249 1085 1323 1137 ἄρα
1347 1093 1392 1140 τῇ
1416 1085 1477 1128 εΞ

146 1145 248 1186 ἐστιν
274 1144 409 1196 ὁμοία·
442 1146 510 1184 καί
532 1145 604 1184 εἰσι
628 1151 697 1184 τοῦ
717 1145 837 1184 αὐτοῦ
857 1146 1023 1184 κύκλου·
1058 1145 1121 1195 ἴση
1140 1143 1214 1197 ἄρα
1233 1143 1335 1184 ἐστὶν
1354 1143 1378 1195 ἡ
1398 1147 1443 1183 Η
1446 1146 1471 1197 β

147 1211 192 1259 τῇ
218 1203 278 1245 εΞ
298 1204 530 1258 περιφερείᾳ.
580 1203 693 1254 κοινὴ
718 1202 942 1258 ἀφῃρήσθω
967 1201 991 1254 ἡ
1017 1205 1084 1255 εβ·
1117 1203 1232 1254 λοιπὴ
1258 1201 1331 1256 ἄρα
1356 1201 1380 1254 ἡ
1407 1206 1470 1242 Ηε

147 1266 264 1317 λοιπῇ
291 1269 336 1317 τῇ
363 1262 430 1314 βΞ
448 1262 550 1302 ἐστιν
576 1263 650 1312 ἴση.
691 1261 754 1301 καὶ
778 1261 859 1301 ἐπεὶ
883 1259 908 1312 ἡ
936 1265 1006 1304 ΞΛ
1031 1267 1099 1312 τῆς
1124 1260 1191 1313 βΞ
1210 1261 1346 1312 μείζων
1371 1260 1471 1300 ἐστὶν

147 1319 172 1372 ἢ
199 1320 331 1372 ὁμοία,
363 1321 426 1371 ἴση
459 1319 499 1360 δὲ
531 1319 554 1371 ἡ
588 1318 657 1371 μὲν
685 1324 750 1365 ςΛ
779 1327 825 1374 τῇ
852 1322 928 1372 Ργ,
959 1318 983 1370 ἡ
1015 1318 1054 1359 δὲ
1081 1318 1149 1371 βΞ
1167 1327 1212 1369 τῆ
1239 1322 1327 1370 Ηε,
1357 1319 1421 1359 καὶ
1446 1317 1470 1370 ἡ

148 1382 205 1432 Ργ
229 1377 303 1431 ἄρα
327 1385 395 1430 τῆς
421 1381 463 1417 Η
468 1394 484 1417 ε
511 1380 647 1430 μείζων
672 1377 772 1418 ἐστὶν
797 1376 823 1429 ἣ
849 1377 980 1429 ὁμοία·
1012 1377 1053 1417 ἐν
1077 1378 1224 1417 πλείονι
1249 1376 1321 1430 ἄρα
1347 1378 1470 1432 χρόνῳ

147 1438 188 1478 τὸ
213 1454 236 1490 γ
260 1437 332 1488 τὴν
350 1440 414 1490 γΡ
432 1436 679 1490 περιφέρειαν
701 1436 859 1476 διελθὸν
877 1435 940 1476 ἐπὶ
958 1435 999 1476 τὸ
1021 1439 1052 1474 Ρ
1065 1437 1369 1508 παραγίγνεται,
1374 1435 1470 1487 ’ἢπερ

147 1496 188 1535 τὸ
215 1511 230 1534 ε
255 1495 327 1547 τὴν
352 1498 420 1534 εΗ
448 1496 605 1536 διελθὸν
630 1494 691 1534 ἐπὶ
715 1494 756 1534 τὸ
783 1498 827 1533 Η
848 1495 1108 1548 παραγίνεται.
1163 1490 1243 1533 ἀλλ’
1273 1493 1313 1533 έν
1344 1487 1375 1550 ᾧ
1402 1492 1471 1545 μὲν

147 1554 271 1609 χρόνῳ
296 1554 337 1594 τὸ
363 1571 385 1607 γ
411 1553 481 1605 τὴν
507 1557 569 1606 γΡ
587 1552 833 1606 περιφέρειαν
859 1552 1016 1592 διελθὸν
1040 1551 1103 1592 ἐπὶ
1129 1553 1168 1592 τὸ
1190 1555 1222 1591 Ρ
1241 1553 1469 1605 παραγίγνε-

147 1629 260 1683 ται,τ
257 1611 363 1665 ‘270
387 1611 609 1685 περιφέρεια
635 1612 756 1663 δύνει,
780 1610 973 1651 τουτέστιν
997 1609 1022 1662 ἡ
1048 1614 1126 1650 ΚΛ
1150 1609 1392 1663 περιφέρεια·
1430 1609 1471 1650 ἐν

147 1663 176 1726 ᾧ
198 1670 237 1711 δὲ
264 1671 386 1725 χρόνῳ
411 1670 451 1709 τὸ
478 1686 494 1709 ε
519 1670 590 1721 τὴν
609 1673 678 1709 εΗ
699 1669 857 1709 διελθὸν
882 1668 944 1708 ἐπὶ
969 1668 1010 1709 τὸ
1031 1671 1075 1707 H
1089 1669 1378 1722 παραγίγνεται,
1403 1669 1470 1708 δύ-

148 1745 204 1770 νει
229 1728 253 1781 ἡ
279 1733 350 1779 εΡ,
375 1728 569 1768 τουτέστιν
595 1726 619 1779 ἡ
639 1727 722 1770 ΛΞ
741 1727 983 1780 περιφέρεια
1015 1726 1056 1766 ἐν
1082 1728 1229 1767 πλείονι
1255 1725 1328 1778 ἄρα
1347 1727 1470 1782 χρόνῳ

147 1786 171 1840 ἡ
199 1791 276 1827 ΚΛ
301 1759 408 1827 δύνει
434 1786 529 1860 ἥπερ
555 1785 580 1837 ἡ
600 1786 687 1828 ΛΞ.
718 1786 849 1838 παλιν,
874 1785 955 1826 ἐπεὶ
980 1784 1004 1837 ἡ
1031 1788 1123 1825 ΤΜ
1144 1789 1223 1855 τῆς
1232 1784 1315 1827 ΗΞ
1333 1785 1471 1837 μείζων

146 1846 248 1886 ἐστὶν
279 1845 304 1897 ἢ
337 1845 469 1897 ὁμοία,
501 1846 592 1885 ἔστω
619 1851 664 1900 τῇ
691 1844 774 1886 ΗΞ
792 1842 952 1895 ὁμοία“
931 1860 955 1895 η
983 1846 1078 1891 Μζ·
1127 1842 1169 1883 ἐν
1194 1835 1223 1898 ᾧ
1248 1842 1323 1895 ἄρα
1347 1843 1470 1898 χρόνῳ

147 1905 188 1944 τὸ
215 1919 243 1946 ,ιε
220 1903 484 1957 ἀρξάμενον
509 1902 585 1943 ἀπὸ
610 1909 678 1943 τοῦ
704 1902 740 1945 Ξ
758 1902 828 1953 τὴν
853 1901 937 1975 ΞΗ
956 1900 1201 1954 περιφέρειαν
1227 1901 1384 1941 διελθὸν
1410 1900 1471 1940 ἐπὶ

148 1963 189 2003 τὸ
217 1966 256 2001 H
281 1963 567 2015 παραγίγνεται,
591 1961 632 2001 ἐν
657 1962 778 2016 τούτῳ
802 1960 867 2000 καὶ
891 1960 932 2000 τὸ
964 1963 1006 1999 Μ
1031 1959 1102 2011 τὴν
1127 1962 1176 1999 Μ
1185 1962 1205 2006 ζ
1225 1958 1470 2013 περιφέρειαν

149 2021 306 2061 διελθὸν
337 2020 399 2060 ἐπὶ
429 2020 470 2060 τὸ
502 2022 523 2068 ζ
550 2019 732 2071 παρέσται
762 2018 827 2059 καὶ
857 2017 878 2058 δ
908 2025 985 2058 τῶν
1016 2018 1164 2073 ζῳδίων
1194 2018 1333 2065 κύκλος
1357 2016 1470 2056 θέσιν

148 2079 221 2127 ἕξει
247 2077 298 2126 ὡς
323 2078 394 2130 τὴν
419 2081 439 2125 ζ
448 2082 487 2117 H
494 2083 534 2117 θ.
584 2078 648 2117 καὶ
673 2077 753 2117 ἐπεὶ
778 2077 820 2117 ἐν
845 2077 990 2131 σφαίρᾳ
1015 2077 1250 2129 παράλληλοι
1275 2075 1408 2116 κύκλοι
1433 2076 1474 2116 οἰ

152 2140 233 2186 ΤΥ,
256 2140 328 2176 ΡΣ
350 2138 527 2190 μεγίστου
552 2137 656 2184 τινὸς
681 2137 826 2175 κύκλου
850 2135 1093 2188 περιφερείας
1118 2140 1186 2174 τοῦ
1206 2137 1273 2174 ΒΔ
1297 2134 1364 2181 τὰς
1382 2131 1469 2182 ΛΞ,

84 2207 128 2238 ‘20
153 2194 234 2239 ΞΜ
267 2196 350 2243 ἴσας
375 2194 587 2246 ἀφαιροῦσι
611 2194 707 2247 πρὸς
731 2194 797 2234 τὸν
822 2193 1000 2247 μέγιστον
1023 2199 1100 2232 τῶν
1125 2192 1378 2245 παραλλήλων
1402 2191 1469 2232 τὸν

206 2319 240 2346 a.
270 2312 301 2344 3.
327 2308 416 2356 τῶν]
441 2308 586 2354 punctis
612 2307 681 2342 del.
708 2307 750 2343 V.
