1494 2450
77 1110 117 1140 10

76 1402 116 1432 15

75 1694 118 1724 20

74 1986 117 2016 25

143 87 199 128 60
644 93 949 127 ΦΑΙΝΟΜΕΝΑ

142 197 247 238 κατὰ
279 198 326 238 τὸ
356 201 392 238 Θ
428 198 475 239 τὸ
513 199 617 239 κατὰ
650 199 881 253 διάμετρον
912 198 1027 255 αὐτῷ
1057 200 1105 242 τὸ
1133 204 1173 240 Δ
1205 201 1326 242 δύνει
1357 201 1465 245 κατὰ

144 262 192 303 τὸ
223 264 274 301 Λ·
309 260 355 302 ἐν
381 256 415 317 ᾦ
441 263 523 316 ἄρα
549 263 596 303 τὸ
617 265 657 303 Ε
679 262 758 316 τὴν
778 265 863 304 ΕΘ
887 262 1167 318 περιφέρειαν
1192 265 1373 307 διελθὸν
1397 259 1466 312 ἐπεῖΙ

144 326 190 366 τὸ
220 328 256 366 Θ
280 327 575 381 παραγίνεται,
601 325 649 368 ἐν
672 326 809 383 τούτῳ
835 326 906 368 καὶ
931 328 978 369 τὸ
1006 331 1049 369 Δ
1073 328 1152 382 τὴν
1176 330 1261 370 ΔΛ
1285 327 1466 372 διελθὸν

145 388 212 431 ἐπὶ
238 390 286 431 τὸ
308 392 346 431 Λ
371 392 665 444 παραγίνεται.
698 387 788 432 ἀλλ’
819 390 868 432 ἐν
892 386 925 448 ᾧ
945 389 1024 444 μὲν
1041 392 1089 433 τὸ
1108 395 1150 433 Δ
1169 393 1248 447 τὴν
1267 395 1356 434 ΔΛ
1375 393 1462 435 oca-¹

143 455 384 509 πορεύεται,
409 455 434 508 ἡ
460 457 545 496 ΔΑ
570 453 805 507 ἀνατέλλει,
831 454 878 496 ἐν
903 450 936 512 ᾧ
957 453 1004 497 δὲ
1028 456 1076 498 τὸ
1102 458 1143 496 Ε
1165 456 1243 510 τὴν
1268 459 1353 498 ΕΘ
1378 457 1464 499 δια-·

142 574 434 626 παραγίγνεται,
466 573 508 613 ἐν
540 574 659 629 τούτῳ
685 573 750 613 καὶ
775 574 816 614 τὸ
842 578 873 614 Ζ
906 573 1121 628 ἀρξάμενον
1145 574 1221 615 ἀπὸ
1246 582 1314 615 τοῦ
1339 580 1371 616 Ζ
1395 577 1464 629 τὴν

144 635 220 671 ΖΚ
246 629 404 671 διελθὸν
430 631 492 672 ἐπὶ
516 632 558 672 τὸ
578 636 614 671 Κ
639 633 910 686 παραγίγνεται
925 641 933 648 ·
965 629 1048 672 ἀλλ’
1065 634 1157 673 ὅταν
1181 632 1251 685 μὲν
1276 634 1317 673 τὸ
1337 638 1373 674 Ε
1396 634 1466 686 τὴν

144 692 222 729 ΕΘ
255 690 414 730 διελθὸν
443 686 508 730 ἐπὶ
538 688 578 729 τὸ
610 692 642 728 Θ
673 691 951 744 παραγένηται,
986 691 1176 731 ἀνατέλλει
1208 691 1230 744 ἡ
1258 696 1338 732 ΕΓ
1361 708 1464 746 περι-

144 748 290 801 φέρεια,
317 748 408 788 ὅταν
433 747 473 788 δὲ
496 746 538 788 τὸ

143 810 174 846 Ζ
199 806 271 858 τὴν
290 810 360 846 ΖΚ
380 804 538 847 διελθὸν

142 862 205 905 ἐπὶ
235 863 276 904 τὸ
305 869 341 904 Κ
372 865 537 918 παραγέ-

143 939 267 974 νηται,
293 924 402 963 δύνει
421 920 443 974 ἡ
468 927 536 963 ΒΖ

142 981 386 1034 περιφέρεια·
429 978 474 1022 ἓν
507 976 536 1036 ᾧ

142 1039 215 1093 ἄρα
248 1040 371 1095 χρόνῳ
406 1038 429 1092 ἡ
463 1044 538 1080 ΓΕ

143 1099 363 1151 περιφέρεια
385 1098 536 1139 ἀνατέλ-

143 1160 210 1207 λει,
243 1154 287 1196 ἓν
321 1158 441 1213 τούτῳ
473 1157 538 1196 καὶ

147 1213 166 1266 ἡ
204 1219 275 1254 ΒΖ
315 1215 537 1269 περεφὲρεια

144 1275 261 1313 δύνει.

201 1331 310 1384 λέγω,
336 1331 392 1372 ὅτι
410 1332 474 1372 καὶ
493 1329 537 1371 ἒν

144 1383 173 1445 ᾧ
222 1389 345 1444 χρόνῳ
395 1386 417 1441 ἦ
462 1394 536 1430 ΒΖ

143 1447 354 1497 ἀνατέλλει,
396 1446 420 1499 ἡ
462 1452 536 1488 ΓΕ

144 1508 261 1547 δύνει.
341 1522 534 1559 μετακεκι-

143 1565 281 1616 νήσθω
312 1565 384 1618 γὰρ
416 1562 459 1605 ἓν
489 1572 533 1620 τῇ

143 1625 194 1678 βα
230 1624 368 1663 πτώσει
405 1623 424 1663 ὁ
460 1631 536 1663 τῶν

145 1683 293 1730 ζᾳδίων
317 1682 456 1730 κύκλος
474 1681 539 1722 καὶ

143 1739 256 1779 θέσιν
281 1736 391 1812 ἐχέτω
417 1740 487 1792 τὴν
513 1744 678 1780 ΓΕΒΖ.
712 1740 836 1794 [λέγω,
863 1741 933 1792 ὅτι,
958 1738 1002 1779 ἕν
1026 1734 1052 1795 ᾇ
1078 1741 1199 1795 χρόνω
1231 1737 1249 1791 ἡ
1279 1744 1346 1780 ΒΖ
1372 1739 1464 1779 ἀνα-

144 1798 272 1850 τέλλει,
299 1797 322 1849 ἡ
349 1802 419 1838 ΓΕ
444 1797 583 1852 δύνει]

201 1853 284 1896 ἐπεὶ
308 1857 403 1897 κατὰ
430 1857 632 1909 διαμετρόν
657 1854 736 1897 ἔστι
761 1855 802 1897 τὸ
828 1861 859 1896 Ζ
891 1861 1051 1927 σημεῖον
1076 1861 1126 1913 τῷ
1149 1861 1185 1896 Ε
1209 1857 1366 1910 σημείῳ,
1397 1863 1465 1896 τοῦ

143 1931 218 1967 αρα
243 1919 274 1954 Ζ
301 1914 571 1963 ἀνατέλλοντος
595 1913 636 1955 τὸ
666 1920 702 1955 Ε
727 1916 856 1962 δύνει’
900 1910 945 1955 ἓν
969 1909 999 1971 ᾧ
1021 1931 1095 1968 αρα
1119 1915 1242 1969 χρόνῳ
1268 1912 1310 1955 τὸ
1336 1918 1367 1954 Ζ
1393 1915 1464 1966 τὴν

143 1976 217 2012 ΖΛ
248 1972 493 2045 περιφέρειαν
525 1971 683 2013 διελθὸν
714 1970 777 2013 ἐπὶ
808 1972 850 2013 τὸ
876 1978 916 2013 Λ
947 1974 1236 2046 παραγίγνεται,
1269 1970 1313 2012 ἔν
1344 1973 1464 2012 τούτω

143 2030 206 2070 καὶ
231 2029 272 2070 τὸ
299 2035 334 2070 Ε
365 2031 436 2081 τὴν
462 2034 550 2071 ΕΝ
576 2030 822 2085 περιφέρειαν
853 2028 1012 2071 διελθὸν
1043 2029 1104 2071 ἐπὶ
1136 2028 1177 2071 τὸ
1203 2034 1248 2070 Ν
1274 2030 1464 2083 παρέσται.

144 2087 226 2128 ἀλλ’
255 2089 347 2129 ὅταν
378 2089 447 2140 μὲν
479 2105 519 2128 τυ
547 2093 578 2129 Ζ
610 2087 677 2130 τὸν
702 2093 776 2129 ΖΛ
806 2089 1052 2143 περιφέρειαν
1083 2086 1241 2129 διελθὸν
1271 2086 1334 2128 ε’πὶ
1359 2086 1399 2128 τὸ
1430 2092 1466 2128 Λ

202 2188 234 2213 a.
263 2183 293 2214 2.
316 2180 364 2224 Ε]
384 2179 422 2213 in
441 2189 511 2214 ras.
526 2180 567 2214 V.
607 2181 694 2224 ΕΘ]
715 2181 747 2213 Ε
766 2190 852 2214 corr.
874 2189 918 2214 ex
937 2183 970 2213 A
989 2179 1031 2213 V.
1062 2179 1149 2213 Posiz
1170 2179 1236 2214 ΕΘ
1256 2190 1320 2213 sor.
1335 2177 1464 2236 aeJpoeV.

189 2224 427 2270 περιφέρειαν
453 2246 495 2251 -
522 2229 553 2260 3.
583 2227 627 2271 Θ]
654 2236 763 2270 supra
788 2225 871 2260 add.
898 2237 944 2260 m.
970 2229 990 2260 2
1016 2224 1057 2259 V.
1155 2228 1185 2259 3
1211 2222 1464 2282 παραγινεται]

144 2270 217 2316 γίν-
246 2272 284 2306 in
310 2282 377 2307 ras.
404 2272 447 2308 V.
495 2274 540 2317 A]
568 2282 656 2307 corr.
683 2283 727 2307 ex
757 2276 782 2307 Z
807 2273 849 2308 V.
901 2272 986 2307 Post
1009 2275 1043 2307 A
1067 2283 1109 2306 an
1135 2281 1176 2306 ra
1201 2271 1285 2306 add
1311 2269 1466 2315 ἀρξάμε-

144 2331 211 2354 νον
242 2318 314 2354 ἀπὸ
345 2324 410 2355 τοῦ
435 2322 468 2353 Δ
499 2320 601 2363 (eorr.
627 2329 671 2354 ex
700 2320 739 2363 Z)
771 2332 818 2354 m.
846 2323 866 2354 2
891 2318 934 2354 V.
1046 2321 1111 2354 ΔΛ
1152 2329 1240 2354 con·
1267 2328 1311 2351 ex
1338 2319 1397 2352 ΖΛ
1423 2317 1463 2352 V.
