1494 2450
97 455 117 486 5

76 774 118 805 10

69 1206 111 1237 15

66 1556 111 1587 20

151 51 235 93 164
273 85 275 87 ,
299 79 307 86 .
535 55 820 90 ΚΑΤΑΤΟΜΗ
842 57 1101 91 ΚΑΝΟΝΟΣ

788 163 838 204 δ’.

199 251 302 295 Ἐὰν
328 252 541 308 διάστημα
562 255 619 309 μὴ
640 255 965 298 πολλαπλάσιον
985 257 1052 306 δὶς
1071 261 1277 313 συντεθῇ,
1301 259 1349 301 τὸ
1370 259 1418 301 ὄλ

147 317 246 359 οὔτε
270 319 595 361 πολλαπλάσιον
620 321 736 361 ἔσται
762 320 862 362 οὔτε
887 320 1122 375 ἐπιμόριον.
1446 366 1448 368 ,

203 379 311 424 ἔστω
356 383 438 438 γὰρ
483 383 694 437 διάστημα
730 385 786 438 μὴ
824 385 1149 428 πολλαπλάσιον
1186 387 1233 428 τὸ
1271 389 1365 440 ΒΓ,
1400 402 1425 429 κ

143 448 409 500 γεγενήσθω,
435 447 493 496 ὡς
518 447 540 489 6
563 449 604 489 Γ
620 449 727 502 πρὸς
752 448 829 490 τὸν
847 451 898 502 Β,
925 448 946 490 6
968 452 1004 490 Β
1029 451 1138 504 πρὸς
1162 451 1239 492 τὸν
1258 454 1317 491 A·
1348 449 1421 505 λέγ

143 509 208 551 ὅτι
234 509 256 551 6
278 514 320 551 A
344 516 422 552 τοῦ
444 513 486 552 Γ
505 512 605 553 οὔτε
630 512 951 562 πολλαπλάσιος
976 514 1076 555 οὔτε
1101 513 1319 568 ἐπιμόριός
1341 513 1428 556 ἐστι

141 571 250 616 ἔστω
290 575 371 630 γὰρ
408 582 582 631 πρῶτον
619 575 640 618 ὁ
672 579 714 617 A
750 582 828 618 τοῦ
861 579 903 618 Γ
931 578 1259 627 πολλαπλάσιος.
1309 578 1468 621 οὐκοῦν

142 637 417 693 ἐμάθομεν,
403 639 482 693 ότι,
508 639 584 682 ἐὰν
610 640 820 695 διάστημα
846 639 913 690 δις
938 642 1152 684 συντεθὲν
1173 643 1221 684 τὸ
1242 642 1346 684 ὅλον
1366 644 1476 701 ποιῇῥ,

143 704 482 757 πολλαπλάσιον,
507 703 578 746 καὶ
604 704 708 746 αὐτὸ
733 706 1058 748 πολλαπλάσιόν
1083 704 1211 748 ἐστιν.
1232 704 1361 749 ἔσται
1386 707 1475 765 άροξὲ

146 766 168 808 ὁ
189 769 225 808 Β
250 773 329 808 τοῦ
351 769 393 809 Γ
410 769 741 818 πολλαπλάσιος.
772 768 852 811 οὐκ
877 765 931 822 ἦν
957 769 1015 811 δέ.
1047 769 1306 812 ἀδύνατον’
1290 772 1373 824 άρα
1391 771 1477 823 τὸν,

142 834 185 872 A
204 837 282 873 τοῦ
303 833 345 873 Γ
364 826 476 874 εἶναι
501 833 836 875 πολλαπλάσιον.
867 833 975 876 ἀλλὰ
999 834 1085 887 μὴν
1105 833 1207 876 οὐδ’
1229 833 1476 893 ἐπιμόριονςὲ

142 895 370 950 ἐπιμορίου
395 897 477 951 γὰρ
498 897 783 951 διαστήματος
801 896 929 951 μέσος
949 898 1093 947 οὐδεὶς
1111 897 1328 953 ἀνάλογον
1347 893 1481 952 ἐμπί-ψῗῆ·

140 973 245 1001 πτει.
277 960 339 1009 εἰς
363 957 412 1002 δὲ
436 962 538 1010 τοὺς
558 965 614 1011 A,
636 963 677 1002 Γ
696 960 891 1014 ἐμπίπτει
917 961 939 1003 6
966 965 1014 1003 Β.
1046 962 1264 1004 ἀδύνατον
1289 964 1371 1018 ἄρα
1389 963 1477 1006 τὸνῑΡῖ

139 1026 183 1064 A
207 1029 285 1065 τοῦ
313 1025 354 1065 Γ
373 1023 399 1078 ἢ
424 1025 750 1068 πολλαπλάσιον
775 1025 800 1079 ἢ
827 1025 1052 1082 ἐπιμόριον
1076 1023 1198 1068 εἶναι.

781 1187 825 1231 ε’.

193 1280 293 1323 Ἐὰν
325 1282 536 1336 διάστημα
561 1282 627 1331 δὶς
653 1280 869 1325 συντεθὲν
892 1283 940 1324 τὸ
967 1283 1072 1325 ὅλον
1095 1284 1151 1337 μὴ
1177 1289 1278 1339 ποιῇ
1303 1261 1481 1334 πολλοι-ἶΞΥ

135 1346 337 1400 πλάσιον,
363 1343 464 1388 οὐδ’
495 1346 600 1388 αὐτὸ
627 1348 745 1388 ἔσται
769 1348 1108 1390 πολλαπλάσιον.

193 1407 303 1452 ἔστω
334 1410 429 1464 γὰρ
449 1410 661 1465 διάστημα
692 1411 740 1452 τὸ
768 1413 864 1465 ΒΓ,
901 1411 973 1453 καὶ
1007 1412 1257 1465 γεγενήσθω
1290 1412 1346 1461 ὡς
1377 1411 1399 1453 ὁ
1427 1391 1474 1453 ΓίΙ

135 1474 243 1529 πρὸς
267 1475 346 1517 τὸν
370 1477 422 1528 Β,
454 1473 476 1516 ὁ
503 1477 538 1515 Β
565 1475 673 1529 πρὸς
697 1475 774 1517 τὸν
800 1478 861 1528 Δ,
891 1474 962 1516 καὶ
987 1475 1044 1529 μὴ
1072 1477 1179 1517 ἔστω
1206 1475 1228 1517 6
1254 1479 1296 1517 A
1321 1481 1399 1517 τοῦ
1425 1475 1474 1530 ΓΪ

135 1538 474 1588 πολλαπλάσιος·
512 1538 636 1593 λέγω,
662 1539 726 1580 ὅτι
758 1536 861 1581 οὐδὲ
887 1538 909 1580 6
936 1542 972 1580 Β
999 1545 1075 1580 τοῦ
1103 1542 1144 1580 Γ
1162 1537 1281 1581 ἔσται
1304 1542 1475 1581 πολλοι-Ἰ

135 1602 327 1652 πλάσιος.
376 1603 414 1644 εἰ
446 1603 527 1658 γάρ
559 1601 678 1644 ἐστιν
703 1601 725 1644 ὁ
753 1605 788 1643 Β
814 1607 893 1644 τοῦ
922 1604 960 1643 Γ
978 1603 1310 1657 πολλαπλάσιος,
1341 1601 1478 1645 ἔσται’

134 1667 217 1721 ἄρα
243 1666 265 1708 ὁ
285 1669 329 1708 A
353 1672 432 1708 τοῦ
455 1668 495 1708 Γ
512 1666 843 1715 πολλαπλάσιος.
875 1665 955 1708 οὐκ
974 1664 1065 1708 ἔστι
1086 1666 1143 1709 δέ.
1177 1666 1257 1709 οὐκ
1277 1668 1360 1722 ἄρα
1378 1666 1400 1708 ὁ
1421 1669 1457 1709 Β
1478 1687 1481 1694 =

133 1736 212 1772 τοῦ
240 1732 281 1771 Γ
298 1728 417 1772 ἔσται
443 1731 773 1781 πολλαπλάσιος.

191 2107 223 2139 2.
249 2102 312 2150 μή]
340 2113 451 2148 supra
476 2114 542 2138 scr.
569 2103 635 2138 Μ’.
679 2103 726 2148 μὴ
751 2102 1034 2148 πολλαπλάσιον]
1061 2115 1131 2139 om.
1158 2103 1213 2137 W.
1311 2106 1342 2138 8
1368 2102 1456 2137 Post
1476 2111 1485 2142 ⁷:ss

131 2150 214 2186 οὔτε
239 2153 320 2195 (pr.)
345 2150 430 2184 hab.
457 2151 645 2186 πολλαπλα
670 2161 779 2195 supra.
803 2151 849 2184 M.
957 2153 987 2184 8.
1013 2156 1115 2185 ποιεῖ
1136 2149 1192 2185 W
1296 2153 1349 2184 10.
1375 2149 1454 2195 τόν]
1474 2156 1494 2166 ’“

129 2195 170 2232 τό
196 2197 300 2232 codd
397 2201 449 2232 13.
476 2200 520 2240 Δ,
547 2199 580 2231 Γ
625 2196 668 2239 Ν
694 2197 732 2231 in
756 2207 828 2232 ras.
853 2196 901 2239 M,
928 2196 1011 2230 add.
1042 2199 1074 2232 Θ
1098 2196 1154 2230 W.
1203 2194 1278 2241 τόν]
1305 2195 1324 2230 6
1349 2195 1453 2230 codd.
1479 2208 1481 2210 ·

131 2247 184 2278 14.
210 2242 403 2284 π.πλάσιος
427 2245 464 2278 et
489 2242 575 2286 ἐπιμ
599 2257 676 2286 ριος
695 2243 799 2278 codd
850 2246 903 2277 17.
929 2242 1199 2278 πολλαπλάσιον
1224 2256 1244 2287 γ
1261 2243 1266 2290 Ι
1282 2244 1304 2288 β
1319 2242 1323 2288 1
1340 2243 1362 2277 ὃ
1387 2241 1453 2276 ΜῙ.

129 2290 185 2324 M²
209 2290 341 2334 repetit
364 2290 424 2336 fig.
444 2301 545 2334 prop.
566 2290 624 2325 IV.
943 2320 947 2323 .
