1494 2450
146 124 230 166 276
662 123 957 160 FRAGMENTA

143 237 258 310 ἴσον,
284 232 354 273 καὶ
379 233 606 285 τετμήσθω
631 232 657 285 ἡ
679 235 719 273 Α
727 233 762 272 Β
788 232 887 286 δίχα
911 236 968 272 τῶ
993 233 1040 284 Ζ,
1065 237 1139 284 τῆς
1163 227 1210 272 δὲ
1232 232 1315 272 ΑΒ
1341 216 1494 295 διπλῇξὲ

144 294 251 338 ἔστω
286 297 311 350 ἡ
344 299 396 349 Ρ,
434 296 505 338 καὶ
543 294 665 338 θέσει
691 295 822 349 οὔσης
847 294 1021 343 εὐθείας
1051 299 1127 348 τῆς
1155 294 1234 335 ΖΒ
1264 288 1492 355 nemea&

144 360 275 414 μένης
303 361 408 401 κατὰ
438 360 486 402 τὸ
515 362 570 413 Ζ,
600 365 675 413 τῆς
701 357 748 400 δὲ
779 362 812 400 Ρ
837 357 1072 411 δεδομένης
1102 363 1161 414 τῷ
1180 356 1376 411 μεγέθει,
1405 372 1489 420 γεῳ

146 425 335 479 γράφθω
370 424 469 478 περὶ
502 422 635 473 ἄξονα
666 423 745 465 τὸν
778 425 857 464 ΖΒ
890 422 1113 477 παραβολὴ
1147 421 1173 475 ἡ
1206 423 1312 474 ΗΖ,
1350 420 1488 482 &ovs‚{<

99 495 119 525 5
146 482 244 530 οἷον
270 487 346 529 ἐὰν
371 487 422 528 ἐπ
433 487 593 541 ἀὐτῆς
618 493 796 540 σημεῖον
804 489 971 567 ληφθῇ
997 486 1054 535 ὡς
1077 486 1125 527 τὸ
1147 487 1194 538 Γ,
1219 485 1402 535 κάθετος
1423 478 1488 529 (st

147 551 262 606 ἀχθῇ
287 551 313 604 ἡ
345 554 434 604 ΓΔ,
459 550 558 594 ἴσον
582 546 694 593 εἶναι
718 551 767 592 τὸ
793 549 878 592 ὑπὸ
904 551 950 603 P,
977 551 1056 591 ZA
1079 554 1139 605 τῷ
1164 549 1246 590 ἀπὸ
1271 553 1314 590 A
1323 550 1370 603 Γ,
1399 546 1488 592 καὶ

144 617 268 670 ἤχθω
300 616 413 669 ὀρθὴ
443 612 467 669 ἡ
497 617 596 657 ΒΗ.
646 613 774 668 λέγω,
806 614 872 656 ὅτι
896 615 944 656 τὸ
972 616 1064 656 ΓΗ
1088 612 1217 667 μέρος
1240 619 1315 666 τῆς
1338 619 1489 671 παρα-’ἧ

145 681 277 734 βολῆς
301 678 431 720 ἐστιν.
1287 724 1324 757 H

703 1328 732 1360 A
933 1331 1023 1364 ΕΖ
1115 1332 1144 1363 Δ
1321 1286 1348 1318 Β

808 1380 834 1413 Ρ

218 1408 1394 1432 t-—————————-—-——-—————-——-—G

210 1509 333 1562 ἤχθω
364 1508 452 1586 ’γὰρ
490 1507 674 1555 κάθετος
709 1505 734 1559 ἡ
770 1507 865 1559 ΓΛ,
901 1505 972 1547 καὶ
1007 1511 1058 1559 τῇ
1090 1507 1171 1546 ΒΔ
1207 1504 1278 1558 ἴση
1310 1506 1470 1546 κείσθω

83 1580 125 1611 10
150 1573 176 1627 ἡ
209 1575 309 1614 ΔΕ.
351 1571 442 1613 ἐπεὶ
479 1565 561 1612 οὖν
598 1571 727 1623 διπλῆ
766 1569 885 1611 ἐστιν
921 1568 969 1623 ἡ
978 1584 1058 1623 μεν
1088 1571 1174 1610 ΑΒ
1211 1574 1285 1622 τῆς
1315 1571 1410 1621 ΒΖ,
1446 1568 1470 1627 ἡ

151 1634 198 1678 δὲ
228 1638 310 1678 ΕΒ
336 1641 410 1689 τῆς
435 1638 535 1688 ΒΔ,
560 1635 690 1687 διπλῆ
716 1635 799 1686 ἅοα
822 1634 892 1675 καὶ
917 1633 943 1687 ἡ
970 1635 1054 1674 ΑΕ
1075 1638 1150 1686 τῆς
1178 1635 1277 1673 ZA·
1317 1633 1365 1674 τὸ
1391 1633 1494 1686 ἄρα,

150 1701 234 1742 ὑπὸ
267 1702 395 1741 ΒΑΕ
426 1703 523 1741 ἴσον
554 1698 673 1740 ἐστιν
696 1702 755 1755 τῷ
775 1697 842 1746 δὶς
865 1697 951 1738 ὑπὸ
976 1704 1063 1738 τῶν
1090 1698 1192 1749 ΑΒ,
1221 1699 1317 1749 ΖΔ,
1353 1697 1494 1740 τουτί

151 1764 269 1806 ἐστιν
305 1769 363 1820 τῷ
403 1763 486 1804 ἀπὸ
518 1766 560 1804 A
569 1765 615 1804 Γ.
671 1762 823 1803 κοινὸν
858 1761 1136 1814 προσκείσθω
1180 1761 1228 1802 τὸ
1270 1759 1354 1802 ἀπὸ
1392 1763 1494 1802 ΕΔΔΛ

152 1828 251 1870 ἴσον
281 1827 334 1869 ὃν
364 1833 424 1883 τῷ
452 1827 536 1868 ἀπὸ
563 1829 665 1867 AB·
704 1826 808 1868 ὅλον
833 1826 916 1879 ἄρα
940 1826 989 1867 τὸ
1016 1824 1099 1866 ἀπὸ
1126 1829 1210 1866 ΑΔ
1235 1824 1332 1866 ἴσον
1357 1823 1473 1866 ἐστὶν

84 1900 126 1930 15
152 1899 243 1942 τοῖς
267 1891 348 1933 ἀπὸ
374 1898 462 1932 τῶν
483 1893 524 1932 Γ
519 1895 574 1943 Λ,
600 1894 643 1932 A
651 1893 698 1931 B.
746 1889 771 1943 ἡ
802 1890 937 1931 ΖΓΗ
957 1889 1038 1943 ἄρα
1063 1889 1233 1942 γραμμὴ
1258 1894 1374 1930 ποιεῖ
1397 1877 1494 1930 vbvf

151 1957 296 1998 τόπον.

199 2030 337 2072 ’Έστω
370 2031 421 2084 δὴ
453 2030 583 2071 πάλιν
608 2030 659 2071 τὰ
685 2030 766 2070 δύο
792 2027 979 2071 δοθέντα
1003 2034 1155 2082 σημεῖα
1178 2029 1230 2069 τὰ
1255 2031 1310 2076 A,
1337 2029 1372 2068 Β
1403 2025 1494 2068 uult

152 2095 305 2136 εὐθεῖά
328 2109 373 2136 τε
398 2094 423 2148 ἡ
450 2095 543 2135 ΔΓ
561 2092 632 2135 καὶ
657 2093 790 2147 ὀρθή,
822 2093 947 2145 λόγος
973 2090 1019 2134 δὲ
1043 2089 1151 2133 ἔστω
1176 2096 1257 2133 τοῦ,
1279 2089 1362 2132 ἀπὸ
1389 2093 1472 2132 ΑΔ

214 2247 267 2278 17.
293 2242 321 2278 ε’
345 2243 535 2288 pmemieit
559 2242 715 2278 Hultsoh
740 2254 822 2278 cum
847 2241 940 2277 aliia.
1062 2245 1114 2276 18.
1140 2239 1270 2276 εὐθεῖά
1293 2252 1331 2275 τε
1355 2239 1377 2284 ἡ
1402 2239 1477 2274 ΔΓ

153 2290 214 2325 καὶ
241 2289 260 2325 ὀ
263 2289 350 2335 ρθή]
377 2289 578 2334 ἐφάπτεται
599 2289 622 2335 ἡ
643 2291 717 2324 ΔΓ
737 2290 799 2325 καὶ
820 2288 916 2333 ὀρθή
937 2288 1028 2331 cod..
1052 2288 1226 2333 κατήχθο
1246 2286 1342 2330 ὀρθὴ
1361 2286 1383 2330 ἡ
1403 2289 1436 2320 Δ
1443 2286 1476 2319 Γ

153 2336 308 2371 Hultaoh
334 2347 416 2371 cum
441 2335 715 2375 Commandino.
1227 2366 1266 2376 ,,,
