1494 2450
576 52 917 90 PRAENOMENA
1366 52 1423 94 33

70 171 112 212 et
137 168 223 210 sint
248 181 396 209 eorum
422 167 643 221 segmenta
669 177 797 218 super
822 164 981 204 terram
1009 164 1150 216 AHB‚
1176 164 1266 203 EH
1269 164 1314 203 Z.
1347 162 1421 203 ita-

70 249 152 290 que
171 234 330 288 puncta
353 238 405 286 A,
421 234 457 273 B
478 233 520 272 et
539 233 591 284 E,
605 230 647 272 Z
668 229 789 270 iuxta
809 227 1066 270 diametrum
1087 227 1286 282 opposita
1306 230 1425 282 sunt3

71 300 177 354 dico,
208 299 367 353 puncta
398 300 439 339 et
466 301 521 351 A,
548 299 584 338 Β
611 298 654 338 et
679 298 731 346 E,
762 297 796 335 Ζ
828 292 1057 349 coniugate
1090 294 1132 334 et
1163 291 1265 334 oriri
1291 295 1333 334 et
1359 307 1425 334 oc-

75 365 223 472 ouzzi-
239 431 382 484 partes
409 428 637 470 orientales
665 430 718 481 A,
740 426 789 480 Γ,
822 410 1106 467 occidentales
1133 425 1276 465 autem
1305 426 1352 478 B,
1372 427 1424 477 E,

72 499 114 539 et
137 495 224 538 sint
249 494 399 537 circuli
424 492 632 549 paralleli,
657 506 734 548 per
761 504 868 545 quos
894 491 1054 545 puncta
1080 493 1135 543 A,
1156 491 1192 530 Β
1219 488 1426 544 feruntur,

0 583 2 625 ᾖ
73 564 168 614 ΑΘ,
189 562 279 615 ΒΓ,
305 563 348 603 et
374 560 431 602 sit
450 562 534 601 ΑΘ
554 560 822 615 segmentum
843 569 970 611 super
990 556 1162 610 terram,
1187 556 1272 596 ΒΓ
1283 556 1426 596 autem

1069 622 1336 676 segmentum
1347 619 1426 662 sub

727 701 756 729 Α
787 684 1015 730 παράλληλοι
1073 688 1196 727 terra.
1224 685 1427 739 quoniam

927 753 1087 806 puncta
1113 754 1167 804 A,
1189 753 1226 792 Β
1252 753 1294 792 et
1320 754 1372 805 E,
1394 753 1428 792 Z

929 817 1050 858 iuxta
1075 816 1332 858 diametrum
1357 830 1427 870 op-

927 882 1070 937 posita
1085 883 1197 935 sunt,
1211 896 1334 924 arcus
1349 884 1427 923 ΕΒ

928 947 1045 989 arcui
1094 949 1183 989 AZ
1239 946 1428 1002 aequalis

929 1016 1011 1068 est3
1046 1027 1194 1055 verum
1227 1015 1311 1054 ΕΒ
1347 1013 1429 1067 ipsi

933 1080 1023 1120 ΖΓ
1083 1077 1273 1133 aequalis
1342 1081 1430 1133 est3

931 1158 1060 1199 quare
1087 1143 1215 1186 etiam
1239 1146 1321 1185 AZ
1347 1144 1431 1199 ipsi

934 1211 1020 1251 ΖΓ
1046 1208 1236 1264 aequalis
1263 1211 1338 1251 est.
1391 1212 1433 1251 et

932 1277 1060 1317 ΕΖΔ
1104 1274 1317 1317 maximus
1355 1274 1432 1316 cir-

933 1340 1128 1383 culorum
1209 1341 1432 1395 parallelo-

747 1424 750 1427 ·
931 1421 1027 1448 rum
1057 1408 1132 1448 est.
1184 1407 1329 1461 itaque
1356 1405 1433 1448 cir-

79 1471 197 1514 culus
225 1474 316 1514 ΑΘ
341 1471 500 1514 circulo
529 1474 619 1514 ΒΓ
637 1471 826 1526 aequalis
853 1473 918 1513 est
943 1469 1174 1528 (Theodos.
1194 1470 1248 1527 II,
1273 1470 1359 1527 17).
1392 1474 1434 1513 et

81 1541 121 1579 A
132 1539 188 1592 Θ,
215 1539 306 1579 ΒΓ
332 1538 497 1579 alterna
532 1551 676 1579 eorum
715 1539 935 1593 segmenta
969 1539 1080 1579 sunt.
1130 1537 1276 1591 itaque
1312 1551 1434 1579 arcus

81 1605 171 1644 ΑΘ
200 1603 317 1644 arcui
350 1605 438 1645 ΒΓ
467 1602 657 1658 aequalis
690 1605 755 1645 est
787 1600 861 1659 (ib.
883 1600 939 1657 II,
962 1600 1046 1659 19).
1097 1602 1267 1656 aequali
1301 1602 1436 1657 igitur

82 1669 273 1722 tempore
305 1670 513 1723 punctum
547 1672 606 1723 A,
644 1671 874 1723 postquam
914 1682 1059 1709 arcum
1087 1670 1177 1709 ΑΘ
1212 1667 1435 1722 percurrit,

82 1732 134 1773 ad
169 1736 207 1774 Θ
237 1733 456 1788 perveniet
494 1737 536 1775 et
561 1736 617 1789 B,
654 1735 885 1789 postquam
917 1747 1063 1775 arcum
1096 1735 1185 1774 ΒΓ
1214 1733 1436 1788 percurrit,

83 1798 133 1839 ad
155 1800 196 1839 Γ
219 1798 438 1854 perveniet
460 1797 678 1855 (Autolyc.
693 1799 743 1840 de
759 1798 850 1853 sph.
866 1797 924 1853 2).
957 1813 1103 1841 verum
1126 1802 1181 1851 A,
1206 1801 1435 1853 postquam

83 1877 224 1906 arcum
246 1867 331 1906 ΑΘ
354 1864 568 1919 percurrit
593 1867 635 1906 et
661 1864 712 1905 ad
739 1866 776 1906 Θ
799 1864 1007 1919 pervenit,
1033 1863 1199 1918 occidit,
1225 1866 1262 1905 Β
1283 1867 1438 1919 autem,

83 1931 310 1984 postquam
336 1943 481 1972 arcum
506 1931 591 1971 ΒΓ
608 1928 820 1984 percurrit
846 1931 887 1971 et
913 1929 966 1971 ad
994 1931 1036 1971 Γ
1053 1930 1262 1985 pervenit,
1288 1930 1435 1972 oritur.

84 2007 184 2050 ergo
210 1997 370 2050 puncto
392 1998 435 2037 A
462 1994 678 2038 occidente
698 1997 735 2036 Β
763 1994 911 2037 oritur.
951 1994 1150 2037 similiter
1177 1995 1437 2038 demonstra-

84 2058 236 2114 bimus,
261 2060 390 2102 etiam
415 2064 459 2103 A
485 2060 650 2103 oriente
674 2063 712 2102 Β
739 2060 940 2102 occidere.

142 2139 302 2180 rursus,
327 2125 531 2180 quoniam
552 2127 731 2180 uterque
750 2139 872 2168 arcus
893 2128 1030 2181 EHZ,
1054 2130 1176 2168 ΖΔΕ
1200 2126 1439 2169 semicircu-

85 2189 152 2231 lus
170 2193 236 2232 est
261 2189 490 2247 (Theodos.
509 2190 543 2246 I,
565 2190 652 2248 11),
678 2205 802 2234 arcus
825 2194 948 2233 ΖΔΕ
965 2192 1082 2234 arcui
1101 2194 1228 2233 EHZ
1248 2191 1437 2247 aequalis

86 2257 160 2297 est.
192 2256 360 2311 aequali
379 2257 514 2313 igitur
530 2259 724 2311 tempore
744 2260 952 2312 punctum
976 2259 1024 2313 Z,
1042 2261 1272 2312 postquam
1293 2271 1439 2299 arcum

90 2322 173 2362 ZE
201 2322 430 2377 percurrit,
466 2322 519 2364 ad
545 2325 587 2364 E
617 2322 838 2377 perveniet
870 2324 911 2380 et
937 2325 993 2378 E,
1030 2325 1261 2378 postquam
1292 2337 1437 2365 arcum

157 2396 357 2429 Eucliden,
377 2397 444 2424 odd.
463 2397 600 2429 Heibetg
618 2399 650 2424 et
668 2398 786 2429 Menge.
814 2397 902 2424 VIII.
1203 2396 1223 2427 3
