1494 2450
559 49 727 86 PHAEN
729 48 867 85 OMEN
868 50 901 84 A
1360 49 1416 91 65

66 163 214 218 ΛΗΓ,
240 164 283 204 et
307 161 364 203 sit
388 159 690 215 semicirculus,
717 159 791 214 qui
816 161 917 214 post
942 157 1154 201 Cancrum
1181 172 1309 213 super
1335 161 1417 200 ter-

65 242 153 270 ram
179 229 255 282 est,
281 228 423 281 ΑΗΓ,
449 227 493 268 et
517 224 732 268 dividatur
757 226 936 279 uterque
962 224 1175 279 quadrans
1205 227 1307 280 AH,
1333 226 1424 266 ΗΓ

65 294 110 337 in
133 293 254 349 signa
278 292 323 334 in
348 292 518 347 punctis
548 293 600 345 Θ,
626 292 682 346 Κ,
707 292 762 345 A,
788 292 857 346 Μ,
895 289 1003 345 dico,
1034 303 1157 332 arcus
1184 292 1287 344 ΑΘ,
1317 292 1416 345 ΘΚ,

66 360 176 413 KH,
201 359 303 412 HA,
328 358 445 411 AM,
470 357 576 397 ΜΓ
594 354 891 411 inaequalibus
916 355 1185 411 temporibus
1211 355 1416 410 occidere,

65 438 114 466 ac
145 422 339 465 maximis
374 421 545 476 quidem
572 424 615 463 Α
626 424 681 476 Θ,
708 422 820 476 ΓΜ,
854 420 1094 463 minoribus
1130 423 1272 463 autem
1310 423 1414 471 ΘΚ,

67 490 168 543 AM,
193 487 370 530 minimo
390 489 533 529 autem
555 489 655 542 KH,
675 489 773 540 HA,
797 487 965 541 aequali
985 489 1127 529 aubem
1148 489 1234 529 ΑΘ
1252 490 1295 529 et
1316 489 1417 540 ΜΓ,

70 555 157 596 ΘΚ
179 555 221 595 et
246 555 351 608 MA,
377 555 478 595 KH
499 555 541 595 eb
566 555 669 595 AH.

65 1900 155 1949 KA,
179 1897 264 1949 ΛΞ,
287 1898 385 1952 ΞΜ,
412 1902 518 1949 MN,
547 1902 623 1939 NA
648 1901 927 1951 inaequalibus
952 1903 1198 1952 temporibus
1224 1904 1413 1953 occidere,

65 1970 110 1997 ac
134 1959 312 1998 maximis
337 1960 496 2010 quidem
521 1961 619 2011 ΒΚ,
641 1961 736 2011 ΝΔ,
762 1961 982 2001 minoribus
1009 1964 1143 2000 autem
1168 1964 1266 2005 ΚΛ,
1295 1965 1412 2009 ΜΝ,

65 2018 234 2057 minimis
259 2022 392 2058 autem
417 2017 502 2070 ΛΞ,
527 2017 623 2065 ΞΜ,
650 2020 882 2070 aequalibus
908 2034 1001 2060 vero
1028 2019 1112 2063 ΛΞ
1132 2024 1171 2060 et
1196 2020 1233 2064 Ξ
1237 2024 1287 2060 Μ
1295 2053 1305 2073 ,
1333 2025 1412 2061 ΚΛ

66 2078 105 2115 et
128 2078 245 2129 MN,
271 2080 348 2117 ΒΚ
373 2081 413 2117 et
438 2080 527 2118 ΝΔ.

122 2285 164 2320 In
187 2285 248 2332 fig.
275 2287 356 2323 cod.
383 2287 468 2322 vat.
495 2289 535 2323 et
558 2287 727 2334 Gregorii
756 2290 816 2334 Oy
842 2291 946 2324 secat.
971 2292 1030 2325 ΡΛ
1057 2290 1155 2325 inber
1180 2304 1201 2330 ς
1227 2293 1266 2326 et
1292 2296 1334 2335 Λ,
1360 2295 1412 2328 Pe

66 2334 167 2368 secat
188 2333 285 2369 inter
308 2348 334 2370 α
359 2336 398 2370 et
421 2335 461 2382 β;
492 2334 634 2380 primus
666 2347 758 2373 corr.
784 2336 930 2382 Nokk.‚
959 2337 1223 2373 Phaenomena.
1247 2351 1281 2384 p.
1304 2343 1409 2384 50sq.

134 2397 332 2434 Euclides,
352 2400 419 2427 edd.
438 2401 575 2433 Heiberg
594 2403 624 2427 et
642 2402 761 2435 Mense.
790 2402 877 2429 v111.
1176 2402 1196 2432 5
