1494 2450
540 68 878 105 PHAENOMENA
1326 66 1384 108 43

24 170 219 234 fminimis
245 182 387 223 autem
417 182 510 235 ΓΝ,
538 182 627 234 ΒΤ,
654 178 903 234 aequalibus
930 179 1070 220 autem
1099 179 1194 219 KH
1214 180 1256 218 et
1283 179 1386 230 ΗΠ,

22 238 125 305 ἓΚΝ
146 250 187 288 et
213 249 309 300 HT,
335 247 424 288 ΝΓ
444 248 486 288 et
514 248 597 287 ΤΒ.

19 319 23 375 j
90 313 178 355 sint
203 311 350 355 circuli
376 311 583 366 paralleli,
607 325 684 365 per
709 325 817 365 quos
842 312 1003 365 puncta
1025 311 1084 359 N,
1105 311 1161 362 Κ,
1184 311 1242 359 Π,
1271 310 1309 349 Τ
1328 308 1385 349 fe-

18 381 198 432 5runtur‚
224 376 323 431 ME,
354 379 447 430 ΘΛ,
476 379 563 429 ΟΡ,
586 379 676 418 ΣΤ.
710 377 753 418 et
779 375 983 431 quoniam
1009 388 1131 416 arcus
1159 376 1262 427 ΗΚ,
1283 376 1386 427 ΚΝ,

17 444 123 487 JNF
141 443 253 486 inter
278 457 323 485 se
349 441 545 496 aequales
572 444 687 496 sunt,
718 444 809 495 ΖΛ,
836 443 876 483 A
886 439 935 492 Ξ,
962 439 1048 488 ,ΞΓ
1069 440 1248 482 maiores
1276 439 1387 481 inter

32 524 77 552 se
89 512 189 552 sunt
200 508 454 564 incipientes
468 523 492 550 a
506 507 694 549 maximo
713 510 790 549 ZA
810 506 1040 563 (Theodos.
1055 505 1133 560 III,
1150 504 1207 563 7).
1240 505 1386 548 eadem
1445 510 1448 514 '

33 576 83 618 de
114 565 239 616 causa
270 574 398 617 etiam
430 587 552 615 arcus
578 576 686 623 ΕΘ,
715 575 830 625 ΘΜ,
858 575 953 614 MA
985 571 1167 614 maiores
1199 571 1312 614 inter
1343 585 1387 612 se

33 643 133 683 sunt
162 639 416 695 incipientes
448 654 473 680 a
503 639 691 681 maximo
719 642 759 680 E
769 642 824 688 Θ,
857 640 899 680 et
930 640 1148 693 praeterea
1178 640 1267 691 ZP,
1296 640 1388 690 ΡΤ,

10 712 11 715 ’
38 709 116 749 ΤΔ
140 706 323 747 maiores
356 705 468 746 inter
493 719 537 747 se
563 706 664 746 sunt
688 703 941 759 incipientes
968 719 991 744 a
1017 703 1205 745 maximo
1237 706 1320 757 ΖΡ,
1346 705 1389 744 et

1067 772 1388 824 praetereaEO,

1069 837 1165 888 ΟΣ,
1192 837 1273 876 ΣΒ
1303 848 1389 876 ma-

1064 901 1177 942 iores
1209 901 1319 942 inter
1346 914 1389 941 se

1064 969 1166 1009 sunt
1185 966 1389 1021 incipien-

1065 1035 1129 1074 tes
1156 1048 1180 1074 a
1201 1031 1389 1073 maximo

1067 1102 1107 1140 Ε
1116 1101 1164 1140 Ο.
1209 1100 1252 1140 et
1287 1112 1390 1152 quo-

1090 1164 1205 1206 niam
1241 1177 1365 1206 arcus

1068 1232 1164 1283 ΓΝ,
1174 1231 1276 1283 ΝΚ,
1286 1231 1389 1280 ΚΗ,

1068 1298 1173 1345 ΗΠ,
1194 1297 1289 1349 ΠΤ,
1319 1297 1389 1336 ΤΒ

1068 1359 1391 1415 ὶηειτοηὺιιεΓΞ,

1068 1425 1158 1481 ΞΛ,
1184 1428 1277 1480 ΛΖ,
1307 1428 1392 1477 ΖΡ,

1070 1495 1162 1541 ΡΥ,
1200 1495 1278 1533 YA
1311 1490 1392 1533 ori-

1068 1560 1200 1599 untur
1256 1560 1298 1598 et
1349 1556 1393 1598 in

1069 1625 1392 1677 ΑΜ,ΜΘ,ΘΕ,

1069 1682 1163 1739 ΕΟ,
1191 1691 1285 1743 ΘΣ,
1312 1691 1392 1729 ΣΒ

1071 1754 1291 1804 occidunt„
1330 1754 1394 1795 in-

39 1819 289 1874 aequalibus
315 1818 552 1862 horizontis
579 1818 812 1876 segmentis
839 1821 881 1861 et
901 1819 1100 1861 oriuntur
1119 1822 1161 1861 et
1181 1819 1392 1862 occidunt.

40 1887 82 1927 et
107 1886 308 1940 quoniam
334 1885 380 1927 in
406 1884 586 1941 sphaera
612 1885 759 1926 circuli
784 1884 979 1940 paralleli
1004 1887 1097 1937 ΘΛ,
1120 1887 1198 1927 ΟΡ
1218 1885 1393 1926 maximi

41 1951 217 1992 alicuius
244 1950 393 1993 circuli
421 1953 501 1993 ΓΒ
534 1951 733 2005 aequales
760 1965 882 1992 arcus
910 1953 1027 2004 ΠΗ,
1055 1953 1154 1992 ΗΚ
1182 1951 1233 1992 ad
1261 1950 1393 1992 maxi-

41 2031 155 2058 mum
192 2011 493 2072 parallelorum
527 2019 570 2058 Ε
578 2019 613 2058 Ζ
647 2016 867 2070 auferunt,
905 2015 1090 2058 circulus
1120 2019 1200 2058 ΘΛ
1234 2015 1393 2058 circulo

43 2085 121 2124 ΟΡ
152 2081 342 2138 aequalis
381 2085 446 2124 est
482 2080 559 2140 (ib.
585 2081 641 2137 Π,
670 2079 755 2138 17).
807 2082 1098 2137 iamquoniam
1133 2082 1178 2124 in
1213 2082 1395 2137 sphaera

42 2147 189 2190 circuli
223 2147 422 2203 aequales
454 2150 496 2189 et
527 2147 723 2202 paralleli
759 2150 858 2201 ΘΛ,
887 2150 972 2190 ΟΡ
1000 2147 1178 2189 maximi
1214 2147 1394 2189 alicuius

42 2212 188 2255 circuli
215 2215 380 2255 ΑΒΓΔ
405 2226 529 2255 arcus
548 2215 642 2267 ΛΖ,
665 2216 741 2255 ΖΡ
760 2213 814 2255 ad
838 2213 1073 2255 maximum
1092 2213 1395 2268 parallelorum

42 2280 120 2319 EZ
139 2278 352 2333 auferunt,
377 2293 501 2321 arcus
521 2281 562 2320 A
568 2282 602 2320 Z
621 2279 738 2321 arcui
762 2281 838 2320 ΖΡ
852 2279 1042 2334 aequalis
1062 2282 1126 2321 est
1146 2277 1222 2334 (ib.
1236 2275 1291 2333 ΙΙ,
1308 2277 1394 2334 18).

43 2343 125 2387 iam
159 2343 357 2388 similiter
388 2344 792 2398 demonstrabimus,
823 2344 952 2388 etiam
983 2359 1130 2389 arcum
1162 2343 1202 2393 Ξ
1210 2347 1246 2387 Ζ
1276 2344 1394 2388 arcui
