1494 2450
674 187 711 229 2.

511 270 585 313 Ad
610 286 748 327 prop.
772 270 866 313 XII.

0 0 14 317 7
569 77 814 114 APPENDIX
1285 77 1366 119 117

5 320 11 444 t
386 353 555 397 Aliter
580 357 874 410 propositio
902 353 996 396 XII.

3 445 10 566 ἔ

3 506 7 517 ⁶
78 450 193 493 Haec
218 454 362 493 autem
387 453 452 493 est
477 453 692 506 expositio
719 452 856 507 magis
883 452 1119 506 perspicua.

4 521 6 523 ’
77 519 133 559 sit
155 519 200 558 in
224 516 383 558 mundo
409 516 589 558 horizon
608 518 787 570 ΑΒΓΔ,
813 519 857 558 et
882 518 1067 558 aestivus
1094 518 1286 571 tropicus
1313 518 1370 558 sit

3 577 123 635 ΪιΑΔ,
159 581 354 623 hiemalis
392 584 534 623 autem
573 584 763 636 tropicus
803 584 860 623 sit
892 583 987 635 ΒΓ,
1025 581 1188 623 zodiaci
1224 584 1368 623 autem

16 1893 308 1935 semicirculus
335 1897 378 1936 A
387 1895 436 1948 Γ,
469 1896 542 1949 qui
574 1897 674 1949 post
700 1893 910 1936 Cancrum
938 1897 1019 1951 est,
1052 1897 1109 1937 sit
1134 1910 1261 1950 super
1287 1899 1367 1937 ter-

19 1969 121 2013 ram,
150 1961 193 2000 et
218 1960 305 2001 sint
329 1962 473 2015 partos
500 1959 728 2002 orientales
755 1963 810 2014 Δ,
839 1962 886 2015 Γ,
913 1960 1197 2003 occidentales
1223 1964 1367 2003 autem

19 2025 74 2077 A,
93 2025 144 2077 Β,
168 2024 493 2079 aequinoctialis
519 2027 663 2067 autem
690 2025 874 2068 circulus
895 2028 952 2068 sit
971 2028 1064 2080 EZ,
1090 2029 1134 2068 et
1153 2026 1368 2068 dividatur

20 2090 308 2132 semicirculus
334 2093 377 2132 Α
386 2091 428 2132 Γ
446 2092 492 2131 in
519 2093 659 2146 signa,
692 2105 800 2146 quae
825 2094 872 2133 in
898 2105 947 2134 eo
974 2094 1092 2145 sunt,
1122 2094 1168 2133 in
1194 2094 1367 2146 punctis

21 2153 82 2206 Η,
110 2156 165 2208 Θ,
190 2157 249 2209 Λ,
274 2158 345 2209 Μ,
383 2157 426 2197 et
463 2155 759 2198 describantur
796 2156 946 2198 circuli
977 2157 1172 2212 paralleli
1204 2160 1253 2198 N
1257 2159 1309 2199 H
1310 2156 1367 2210 Ξ,

22 2218 158 2272 ΟΘΠ,
176 2222 309 2275 ΡΛΣ,
336 2223 475 2274 TMY,
499 2235 577 2275 per
601 2235 709 2276 quos
734 2225 894 2276 puncta
919 2225 978 2275 H,
1002 2225 1052 2276 Θ,
1073 2224 1127 2276 Λ,
1147 2225 1206 2264 Μ
1222 2221 1366 2264 ferun-

19 2282 105 2338 ἕως
141 2283 253 2340 dico,
291 2287 480 2328 maximo
512 2289 706 2342 tempore
738 2302 861 2329 arcus
887 2290 930 2329 Α
939 2290 1002 2341 Η,
1029 2289 1132 2329 ΜΓ
1163 2287 1367 2342 occidere,

20 2349 179 2392 minore
203 2353 347 2393 autem
374 2353 485 2406 ΗΘ,
511 2353 629 2407 ΛΜ,
655 2355 833 2394 minimo
861 2355 1004 2395 autem
1033 2355 1140 2407 ΘΚ,
1166 2353 1277 2407 ΛΚ,
1302 2366 1368 2395 ao-
